3794 5270
676 33 677 36 '
769 61 795 104 s
1363 103 1367 108 .

1368 111 1374 151 t

473 185 627 336 Liber
652 226 872 336 triavus.
916 162 1139 340 CnPuT
1167 229 1236 340 V.
1289 272 1299 288 '
1381 253 1533 374 795

187 375 280 484 uid,
299 410 344 468 ut
360 379 521 472 clavum
536 384 683 472 tabulae
706 412 778 470 aut
794 381 938 500 parieti
950 383 1150 486 infixum,
1167 415 1262 472 cum
1283 389 1395 472 enim
1412 417 1542 476 curva.
1663 427 1683 460 ·-

156 413 204 586 fit
228 501 412 614 forceps,
436 532 517 618 qua
532 529 645 618 parte
663 501 824 588 clavum
836 504 1133 616 apprehendit,
1155 505 1360 590 adnexum
1386 502 1541 622 inipso

157 615 270 702 flexu
284 613 410 702 habet
424 611 846 732 hypomochlium',&
862 619 1382 735 brachiainclinando,pro
1395 649 1538 708 eorum
1653 637 1657 644 '

155 729 441 847 longitudine,
464 734 524 819 vis
549 734 791 819 extrahendi
816 762 1030 826 exercetur
1052 737 1161 852 quast
1181 765 1253 852 per
1271 737 1441 822 verrem.
1479 741 1539 826 At

66 855 69 862 '
155 846 377 964 aliquando
392 879 493 964 opus
505 849 564 936 est
576 853 914 959 majoreconattr,
934 847 1057 966 qudm
1074 881 1120 936 ut
1134 851 1222 938 solis
1236 851 1539 968 forcipibusva·
1599 864 1631 938 ’.
1686 884 1692 893 ’

155 963 238 1048 leat
256 970 438 1079 potentia
459 967 632 1052 infixum
646 964 809 1050 clavum
822 969 1038 1052 extrahere
1045 997 1323 1062 tmomentum
1339 971 1539 1084 siquidem

155 1085 348 1194 potentiae
360 1083 512 1195 pendet
524 1111 574 1166 ex
590 1083 788 1179 Ratione,
805 1109 929 1196 quam
943 1081 1070 1168 habet
1083 1085 1272 1172 distantia
1284 1089 1476 1201 potentie
1487 1086 1547 1175 ad.

154 1194 385 1280 distantiam
407 1196 511 1282 clavi
525 1197 577 1282 ab
599 1195 685 1312 ipso
704 1196 838 1294 flexu,
859 1201 929 1311 qui
947 1197 1133 1310 fungitur
1148 1230 1318 1310 munere
1334 1201 1541 1312 hypomo-

156 1309 268 1424 chlij.
302 1316 442 1425 Quare
457 1317 517 1396 vis
532 1313 775 1399 extrahendi
788 1313 915 1420 major
924 1317 1217 1402 communicari
1230 1311 1362 1433 potest
1375 1345 1453 1430 ope
1469 1347 1541 1404 eo·

154 1426 309 1526 chleae,
331 1432 387 1512 ita
401 1427 556 1528 tamen,
573 1457 621 1514 ut
632 1429 792 1542 forceps
805 1457 890 1512 non
903 1457 1092 1517 exerceat
1103 1463 1252 1518 munus
1266 1436 1402 1518 veens.

214 1549 382 1629 Paretur
406 1547 544 1659 itaque
564 1543 697 1630 valida
723 1555 766 1630 δι
783 1539 872 1630 fitis
900 1539 1022 1632 eraffa
1045 1545 1195 1636 lamina
1218 1547 1417 1661 chalybea
1441 1551 1539 1652 AB,

157 1658 368 1745 matricem
385 1659 565 1746 cochleae
589 1659 746 1746 habens
769 1662 813 1742 in
842 1663 906 1760 C,
937 1669 979 1748 ὃς
1005 1661 1053 1746 su

154 1773 328 1862 cochlea
354 1777 459 1872 FE,
485 1776 746 1862 manubrium
772 1774 927 1862 habens
948 1779 1051 1862 BD.

158 1890 353 1980 Cochleae
367 1885 467 1976 verb
497 1895 729 1978 extremitas
748 1892 793 1975 in
822 1891 1053 2006 cylindrum

154 2007 334 2106 desinat,
351 2011 422 2124 qui
438 2007 632 2092 cralfioris
648 2007 806 2092 laminae
837 2009 882 2092 H
899 2013 917 2094 I
942 2007 1051 2093 fora-
1075 2103 1080 2118 ,

152 2126 257 2208 mini
275 2121 474 2238 e'xquifite
493 2122 621 2240 polito
640 2119 859 2222 inseratur,
879 2135 921 2210 &
942 2129 985 2206 in
1001 2153 1052 2209 eo

152 2237 350 2326 facillime
375 2239 567 2326 convolvi
590 2237 731 2324 valeat.
770 2237 957 2354 Cylindri
974 2269 1050 2326 ex·
1166 2296 1175 2317 ι

153 2359 334 2440 tremitas
352 2354 456 2440 infra
470 2353 661 2439 laminam
679 2357 759 2439 HI
777 2352 835 2438 ita
847 2355 1050 2454 dilatetur,
1141 2393 1144 2398 ’

22 2477 29 2487 ’
152 2497 201 2554 ut
219 2472 391 2558 eandem
409 2469 602 2556 laminam
625 2471 671 2554 H
688 2475 708 2556 Ι
735 2467 950 2568 sustineat,
967 2501 1053 2556 non

154 2611 292 2672 tamen
308 2585 642 2674 convolutionem
660 2588 815 2701 impedi
821 2613 875 2670 at.
921 2582 1050 2672 Porrb

152 2701 313 2789 laminae
342 2703 425 2790 HI
449 2699 599 2788 adnexi
625 2701 702 2786 frnt
725 2703 810 2787 duo
832 2700 974 2787 annuli
995 2709 1051 2788 ira

154 2819 433 2918 conformati,
471 2817 707 2932 ut'forcipis
741 2818 906 2903 brachia
935 2818 1049 2904 exci-

155 2939 272 3052 piant
289 2974 298 3019 r
316 2965 411 3021 nam
432 2933 461 3019 fi
483 2929 650 3021 brachia
665 2937 709 3016 in
726 2932 957 3050 hujusmodi
974 2965 1049 3020 an-

157 3049 278 3136 nulos
290 3055 577 3151 immittantur,
593 3078 640 3136 ut
654 3051 698 3136 hi
711 3055 883 3166 proximi
900 3051 976 3135 sint
990 3054 1099 3142 nodo
1111 3058 1275 3176 forcipis
1289 3051 1556 3145 maximedi-.
1638 3115 1644 3122 -

159 3167 289 3251 latatae
302 3230 314 3267 ,
328 3195 547 3282 antequam
557 3167 835 3284 apprehendat
850 3165 1011 3254 clavum
1027 3175 1324 3261 extrahendum
1337 3235 1348 3274 ,
1362 3172 1539 3288 postmo·
1556 3232 1560 3242 -

158 3283 260 3368 dum
274 3279 664 3398 constristrlforcipe
686 3292 729 3369 δι
745 3280 906 3370 clavum
918 3289 1280 3402 apprehendente,
1306 3289 1462 3376 elevata
1476 3289 1536 3376 la-

158 3406 270 3484 mina
288 3401 364 3484 Hl
384 3397 554 3486 annulos
570 3398 706 3484 secum
719 3405 872 3515 rapiet,
889 3407 960 3518 qui
978 3431 1049 3518 pet
1063 3403 1227 3522 forcipis
1241 3405 1406 3492 brachia
1421 3407 1539 3492 diva.

133 3548 134 3551 *
158 3513 284 3600 rieata
308 3543 568 3601 excurrentes
587 3514 755 3599 demum
776 3515 910 3602 valide
926 3515 992 3602 illa
1012 3520 1315 3636 constringent,
1333 3551 1415 3607 nec
1434 3520 1540 3613 ulte·

160 3630 243 3718 rias
260 3661 475 3718 excurrere
488 3659 692 3748 poterunt.
734 3633 814 3715 His
833 3631 980 3747 paratis
1005 3637 1170 3752 utrique
1184 3643 1428 3727 extremitati
1453 3634 1559 3726 AB'

157 3745 422 3862 subjiciantur
434 3747 564 3834 fulcra
583 3746 695 3843 (five
711 3747 787 3834 ftnt
811 3747 1034 3862 tigillorum
1053 3752 1203 3852 frusta,
1226 3755 1309 3840 stre
1327 3783 1537 3868 quatum·

159 3861 242 3982 que
259 3865 360 3962 alia)
384 3872 487 3952 inter
503 3860 626 3978 ipsam
639 3863 830 3948 laminam
847 3876 888 3978 dr
912 3866 1079 3980 planum
1097 3931 1109 3967 ,
1134 3899 1183 3955 ex
1201 3867 1285 3986 quo
1300 3871 1539 3963 educendus
1554 3927 1559 3935 ·

157 3980 219 4066 est
233 3981 392 4082 clavus,
408 3983 617 4095 interjefla
636 4013 648 4063 .·
667 3983 777 4065 Nam
792 3985 1006 4068 manubrio
1025 3988 1113 4070 DE
1135 3986 1353 4072 convoluta
1368 3986 1565 4074 cochlea*

158 4102 216 4183 ita
239 4098 450 4186 matricem
469 4105 549 4211 AB
566 4096 786 4212 applicabit
808 4097 977 4199 fulcris,
1006 4131 1051 4184 ut
1069 4101 1284 4188 firmiffimb
1307 4103 1541 4191 cohereant

154 4245 253 4300 curn
271 4213 449 4329 subjeelo
465 4215 597 4332 plano.
621 4211 707 4308 lam
725 4213 909 4330 stpergas
923 4216 1134 4302 cochleam
1152 4218 1436 4334 contorquere,
1448 4221 1555 4306 haec'

153 4328 291 4416 secum
304 4337 432 4448 rapiet
445 4331 635 4418 laminam
651 4331 747 4437 HI,
763 4344 803 4419 ὃ(
817 4334 994 4445 adjectos
1005 4333 1176 4420 annulos
1192 4362 1287 4420 cum
1301 4335 1479 4451 forcipe,
1493 4347 1560 4442 &2

153 4449 298 4546 clavo,
318 4479 441 4562 quem
459 4445 627 4533 revellit.
1256 4489 1258 4492 ·
1425 4508 1470 4550 ι,
1554 4537 1562 4556 ,

217 4565 343 4682 Qod
373 4567 400 4648 st
429 4563 534 4650 forte
561 4563 757 4680 placuerit
782 4566 978 4682 forcipem
1004 4567 1155 4656 habere
1173 4569 1418 4686 peculiarem
1438 4569 1540 4656 huie

150 4679 426 4767 instrumento
440 4683 683 4798 aptandam,
707 4683 913 4771 habeatin
936 4684 1197 4772 brachiorum
1214 4685 1538 4776 extremitatibus

988 4803 1227 4895 H'thih
1294 4842 1315 4892 2
