3708 5274
434 215 790 373 Libersoxtut.
836 208 1057 356 Caiu'r
1082 219 1215 331 Vll.
1399 221 1511 372 619

24 401 29 418 '
129 375 309 490 dutiarij
336 379 654 484 non'trahitur,
682 381 750 469 sed
772 373 925 470 alicubi
949 378 1156 476 firmatur,
1181 381 1363 495 potentia
1381 385 1523 472 autem

141 501 268 586 trahit
281 497 447 585 alteram
465 500 710 599 trochleam,
727 499 779 584 ad
796 498 914 607 cujus
939 523 1096 582 motum
1111 493 1239 580 'etiam
1260 495 1417 614 reliqua
1436 523 1522 586 tro-
1595 582 1604 590 .

140 617 366 704 chleacum
383 603 563 732 pondere
575 613 753 702 illorsum
763 610 1156 729 moretur‚quorsum
1168 620 1351 728 potentia
1363 617 1517 704 tendite

141 735 172 819 st
194 737 238 818 in
255 735 336 819 hoe
355 732 680 826 motutrochleae
698 733 991 846 disjunguntur
1013 793 1025 829 ,
1055 737 1096 815 ὅ(
1118 727 1304 842 potentia·
1320 735 1475 820 recedit
1494 727 1519 819 l
1554 797 1556 801 -

140 850 349 948 Pondere,
366 849 489 934 Ratio
503 845 637 934 morsu
649 852 843 966 potentiae
856 847 908 932 ad
925 873 1081 932 motum
1101 845 1292 960 ponderis
1306 847 1367 932 est
1386 845 1428 931 su
1484 859 1522 934 r·

139 963 413 1088 panicularis,
433 973 477 1053 ot
487 970 668 1082 potentia
684 961 943 1078 consequitur
953 961 1130 1079 aliquam
1141 964 1333 1049 movendi
1350 879 1520 1049 facili»

138 1105 222 1166 tem
238 1119 247 1165 ε
262 1081 320 1164 fin
335 1107 470 1166 autem
484 1082 643 1196 pondus
656 1081 707 1165 ad
722 1082 944 1196 potentiam
955 1075 1138 1174 accedit,
1155 1085 1198 1163 ot
1209 1076 1416 1176 trochleae,
1430 1105 1521 1196 quat

139 1199 462 1308 disjunctum,
484 1199 588 1283 fiunt
600 1201 806 1312 proximet,
817 1197 939 1280 Ratio
950 1194 1085 1279 motsls
1098 1198 1290 1310 potentio
1300 1195 1521 1282 admotum

140 1314 333 1431 ponderis
348 1311 408 1397 est
427 1309 892 1428 subsuperparticularis,
914 1319 955 1396 δι
972 1307 1195 1426 potentiam
1217 1308 1308 1425 plus
1324 1307 1521 1398 adhibere

138 1425 309 1514 conatus
327 1453 509 1538 oportet,
524 1423 687 1542 qulmsr
704 1426 807 1512 illud
823 1421 972 1540 absque
987 1423 1181 1511 trochleis
1198 1425 1375 1513 traheret
1390 1457 1404 1522 ς
1424 1431 1538 1544 quie

138 1545 300 1662 pondus
313 1543 491 1632 velocius
508 1573 696 1631 movetur
709 1539 836 1662 quim
847 1546 1040 1658 potentia.
1506 1551 1511 1559 '

1298 1805 1496 1832 onan-unn-

547 1980 893 2090 carur
972 1985 1120 2128 vm.
1261 2051 1263 2059 a

246 2247 426 2406 Qrim
460 2251 697 2370 validum
734 2247 817 2404 effe
847 2283 1060 2415 oporteat
1091 2243 1413 2368 trochlearum

655 2416 1004 2530 retinaculum.

189 2709 234 2794 N
257 2707 556 2800 Trochlearum
579 2708 653 2798 usu
677 2719 885 2802 communi
904 2713 1071 2800 alteram
1093 2705 1275 2830 stabilem
1293 2705 1371 2799 else
1385 2735 1434 2798 ac
1454 2707 1523 2798 fir·

188 2851 297 2910 mam
310 2871 322 2926 5
336 2827 501 2915 alteram
514 2827 707 2920 mobilem
730 2831 782 2926 (fi
800 2837 911 2916 enim
927 2831 1061 2949 plures
1075 2823 1201 2913 essent
1215 2837 1384 2916 omnino
1401 2824 1523 2914 stabi-

144 2941 225 3038 leo,
237 2953 496 3062 quantumvis
515 2945 672 3046 multae,
687 2975 771 3031 non
790 2976 988 3062 augerent
1006 2967 1163 3029 motum
1182 2949 1398 3062 potentiae)
1413 2945 1525 3032 illam

145 3085 282 3142 autern
297 3059 497 3178 abaliquo
512 3091 679 3178 corpore
693 3123 704 3160 ,
718 3066 783 3146 cui
806 3063 870 3147 alli
875 3091 967 3176 gata
984 3061 1065 3163 est,
1088 3059 1274 3161 retineri,
1291 3063 1380 3146 satis
1398 3059 1524 3174 perse

147 3193 283 3288 patet5
301 3203 512 3294 propterea
525 3209 671 3296 corpus
683 3175 881 3264 hocadetl
895 3177 1074 3264 validum
1093 3170 1172 3262 elle
1189 3185 1366 3293 oportet,
1383 3201 1429 3260 ut
1450 3195 1526 3266 nez

147 3297 227 3404 que
244 3291 431 3402 gravitati
452 3297 665 3412 ponderis,
685 3323 820 3410 neque
841 3299 1004 3379 conatui
1022 3298 1212 3406 potentior
1225 3297 1366 3393 cedat,
1385 3291 1451 3379 scd
1467 3299 1525 3381 ira

146 3410 360 3492 immotum
376 3411 580 3524 perststat,
600 3439 644 3493 ut
663 3407 870 3496 universus
885 3410 1077 3525 potentiae
1096 3413 1269 3524 impetus
1287 3411 1338 3496 ad
1356 3415 1525 3495 vincen-
1667 3475 1672 3482 -

147 3521 242 3605 dam
259 3527 450 3638 ponderis
475 3525 735 3610 resrstentlam
748 3527 952 3611 reseratur.
1000 3529 1115 3609 Hinc
1131 3521 1336 3611 alteritate
1352 3557 1433 3611 non
1455 3527 1524 3612 ad-

77 3655 81 3664 “
148 3637 740 3760 modumrecelsrsl'eyidentur,
756 3645 827 3758 qui
846 3646 889 3726 in
899 3641 1525 3758 Mechanicismotionibusque-

147 3751 971 3872 fiduplexmunusdistinguunt,alterum,
985 3786 1067 3874 quo
1080 3757 1458 3873 pondusretinetur,
1471 3787 1525 3844 ne
1568 3823 1577 3832 -

146 3872 188 3950 vi
207 3867 282 3953 suae
294 3871 501 3982 gravitatis
519 3871 699 3972 labatur,
712 3867 904 3973 alterum,
926 3903 1009 3988 quo
1021 3878 1194 3986 gravitas
1215 3871 1294 3990 ipsa
1306 3873 1525 3988 superatur,

148 3993 191 4070 tt
208 3993 369 4098 cogitur
386 3991 489 4074 inire
507 4017 664 4074 motum
689 3983 766 4074 suae
784 3983 1041 4106 propensiori
1061 3987 1338 4074 adversantem
1361 4026 1369 4071 :
1392 3983 1527 4104 posle·

146 4105 228 4184 rius
242 4105 323 4186 hoc
339 4101 407 4189 soli
425 4105 918 4222 purentiaetribuendum,
935 4111 1045 4222 prius
1062 4105 1161 4190 illud
1183 4127 1266 4186 tlon
1290 4107 1360 4189 uni
1383 4123 1523 4218 puteti-

146 4219 235 4314 rlat,
251 4215 317 4303 sed
339 4223 461 4309 etiam
484 4251 533 4307 co
609 4227 665 4322 tl,
684 4227 750 4308 cul
775 4221 967 4309 machina
988 4225 1199 4318 innititur,
1215 4217 1528 4310 adscribendum

147 4331 333 4432 censear,
350 4343 450 4426 &in
465 4337 532 4422 illu
581 4337 797 4424 maximam
814 4345 945 4428 oneris
963 4363 1121 4458 partem
1134 4334 1246 4450 rejici
1260 4323 1451 4422 assitunt«
1475 4329 1527 4425 lit

144 4444 239 4534 fani
259 4451 359 4564 quid
370 4449 570 4570 prodesset
584 4453 807 4542 trochleam
825 4453 1067 4574 superiorem
1087 4473 1156 4540 titt
1170 4451 1377 4570 suno,qui
1401 4437 1528 4541 laxari

147 4571 357 4681 nequiret,
376 4597 445 4654 aut
459 4567 590 4656 ferreo
611 4597 741 4670 unt0,
764 4599 889 4690 quem
908 4575 1099 4660 revellere
1120 4564 1230 4654 nulla
1248 4563 1421 4684 gravitas
1437 4564 1527 4687 pos

131 4679 223 4809 ‚Q
238 4690 424 4774 connecti
452 4711 547 4774 cum
569 4693 692 4803 tigno
706 4690 852 4808 parieti
869 4687 1020 4794 infixo,
1040 4688 1311 4812 fitituerdom·
1332 4678 1452 4789 esee,
1473 4695 1528 4775 'nt

1071 4809 1173 4892 llll
1236 4841 1255 4891 2
