3794 5270
439 183 1235 348 Liberfiptinius·‡CAruTlX.
1410 230 1522 341 717
1605 249 1640 296 ·,

143 355 434 480 pronuntiabis
449 337 662 477 quaesrtutn
675 356 877 442 Centrum
888 373 1189 436 momentorum
1203 345 1383 469 mpetu,
1400 359 1524 452 clavat

145 507 260 565 tanto
280 475 494 566 intervallo
509 470 641 584 abelle
658 465 683 556 d
698 467 853 592 pundo
878 459 1167 578 suspenfionis,
1189 473 1521 596 quantaellper.

137 591 354 713 ¹'pendiculi
375 593 446 678 lon
479 595 615 692 tudo,
634 618 720 674 non
741 583 911 701 quidem
921 583 1164 692 orauiffint
1181 597 1222 674 δι
1241 588 1520 698 Geometricd,

137 709 213 798 -sed
227 735 425 825 quantum
442 622 530 796 iniis
545 709 604 795 est
623 701 904 814 adPhysrcum
918 725 1032 834 opus.
1077 703 1165 786 Cur
1176 707 1234 787 ita
1246 715 1519 835 argumentari

124 825 324 926 ilieeat‚sr
343 828 540 912 rationem
552 820 757 940 repostas,
772 822 861 906 haee
875 811 967 898 saus
987 813 1350 922 probabilirafferrr
1362 831 1494 941 potest
1500 867 1517 927 r

141 947 241 1058 quia
253 939 404 1028 scilicet
415 945 616 1028 Centrum
627 959 927 1043 momentorum
939 927 1117 1046 Imperiis
1128 932 1187 1071 eli
1195 943 1393 1051 pundlum
1401 943 1518 1050 illud,

141 1053 1517 1288 lll‘illll{Zilil{lllsslllffillilll}{¹335le

136 1290 308 1374 modum
326 1292 369 1372 in
384 1317 525 1374 centro
539 1283 757 1399 globuliex
769 1282 844 1366 ‘filo
861 1281 1076 1396 pendentis
1095 1281 1296 1378 (filumex
1310 1290 1515 1404 hypothe.

138 1401 341 1488 srnullum
364 1402 490 1488 habet
505 1401 683 1487 notabile
696 1397 1010 1482 momentumad
1028 1421 1185 1485 motum
1197 1401 1342 1486 adnexi
1356 1404 1513 1516 globuli
1552 1475 1558 1489 .

137 1519 404 1614 variandum)
421 1517 481 1603 est
496 1517 700 1631 aequalitas
714 1539 1013 1598 momentorum
1025 1491 1203 1622 ejusdem
1219 1516 1513 1622 descendentis,

137 1633 241 1724 &ad
251 1634 491 1747 positionem
504 1623 1196 1829 poppendicularemserestituentis.
1219 1633 1512 1745 Estigiturcla·

135 1779 186 1833 va
202 1748 311 1862 quasi
323 1749 544 1862 perpendit
590 1777 660 1830 um
672 1771 791 1828 tantae
804 1741 1084 1852 longitudinis,
1096 1772 1291 1856 quantum
1307 1751 1366 1836 est
1380 1755 1508 1837 inter.
1593 1817 1596 1825 ,
1715 1801 1720 1812 ,

133 1861 285 1949 vallum
301 1867 406 1946 inter
416 1865 617 1949 Centrum
631 1854 766 1946 motds
777 1875 899 1972 atque
909 1861 1109 1951 Centrum
1119 1888 1416 1949 momentorum
1429 1873 1510 1954 Im-

133 1973 266 2094 petiis.
310 1981 369 2060 At
381 1975 673 2091 perpendicula
698 1971 861 2086 aequalis
879 1970 1146 2082 longitudinis
1161 1971 1253 2059 sunt
1272 1975 1504 2068 isochronar
1596 2071 1598 2076 ,

130 2097 261 2203 igitur
275 2096 444 2176 invento
460 2087 752 2205 perpendiculo
767 2086 982 2173 isochrono
995 2083 1415 2179 cumoseillationibus
1428 2097 1507 2181 tla-

130 2237 192 2291 vae
204 2267 217 2306 ,
229 2203 417 2304 ,notuerit
430 2235 480 2290 ex
499 2205 620 2316 hujus
633 2201 893 2315 longitudine
906 2197 1029 2298 etiarn
1044 2201 1258 2311 longitudo
1270 2211 1388 2320 rigidi
1400 2210 1508 2298 illius

126 2321 426 2436 perpendiculi,
437 2323 549 2434 quod
560 2319 792 2434 concipitur
803 2315 848 2400 in
863 2315 989 2415 claud,
999 2315 1188 2402 videlicet
1198 2319 1384 2409 distantia
1396 2329 1507 2411 Cen-

126 2441 179 2519 tri
195 2464 498 2520 momentorum
514 2427 691 2550 impetiit
709 2429 732 2516 l
753 2425 1066 2518 Centromotlls.
1395 2519 1400 2532 ,
1519 2459 1522 2470 ’

141 2607 145 2614 -
187 2548 275 2634 Hie
292 2579 426 2636 tamen
444 2545 874 2636 animadvertasvelim
897 2577 947 2636 ex
960 2549 1038 2634 hac
1053 2549 1346 2636 methodonon
1363 2553 1505 2648 lrabe'ri
1528 2596 1530 2602 ·

124 2665 272 2752 exarte
289 2669 485 2780 pureum
502 2669 961 2751 Centrimomentorum
974 2669 1017 2748 in
1032 2663 1159 2762 claud,
1173 2663 1237 2752 sed
1253 2665 1354 2762 illud
1367 2672 1505 2759 adhuc

124 2777 255 2897 pauld
265 2779 426 2892 longilrr
442 2775 596 2875 ebeller
612 2779 709 2881 quia
723 2777 917 2864 nimirum
932 2779 1313 2896 perpendiculorum
1335 2793 1505 2872 omnino

123 2895 371 3011 aequalium,
397 2922 662 3010 praeterquam
687 2893 733 2978 in
748 2901 946 3006 gravitate
963 2895 1152 3010 ponderis
1167 2899 1361 3012 appensi,
1386 2900 1504 3002 illud,

120 3011 240 3125 quod
258 3007 420 3120 gravius
434 3009 492 3092 est
512 3070 524 3107 ‚
547 3009 681 3121 plures
701 3009 946 3098 vibrationes
965 3012 1109 3096 eodem
1125 3037 1304 3126 tempore
1318 3015 1502 3127 perficite

117 3153 249 3239 atque
266 3122 828 3239 perpendiculorumomnino
840 3125 1070 3242 aequalium,
1080 3129 1394 3241 praeterquar'nin
1407 3129 1504 3216 lon-

115 3240 336 3353 gitudine,
355 3239 480 3336 illud,
501 3240 613 3353 quod
632 3237 795 3350 longius
809 3239 897 3340 est,
921 3244 1181 3355 paucioribus
1207 3241 1511 3332 vibrationibus·-

115 3357 273 3439 eodem
287 3383 467 3468 tempore
480 3359 666 3467 agitatur.
704 3354 1236 3472 Cumautemclavasrtper
1288 3361 1502 3447 nditulunr

114 3473 286 3586 gravius
302 3465 490 3578 globulo,
505 3474 578 3582 qui
595 3499 646 3552 ex
661 3467 732 3552 filo
747 3471 911 3582 pendet,
928 3467 1052 3582 positi
1065 3471 1209 3586 equali
1225 3386 1499 3585 lilrgitudinm

113 3583 237 3669 clava
250 3583 428 3668 velocius
438 3611 694 3667 moveretur:
711 3589 751 3667 Si
767 3581 1036 3694 igiturmotus
1046 3585 1174 3672 ‚clavae
1186 3587 1246 3672 est
1259 3589 1496 3676 iloclrronus

25 3773 33 3798 ,
110 3729 215 3782 curn
233 3725 348 3782 motu
360 3695 515 3810 globuli
536 3725 586 3782 ex
596 3695 665 3782 filo
683 3697 867 3812 suspeufi,
886 3693 1494 3816 netefftestlougitudinegra-

106 3818 238 3899 vioris
251 3811 453 3898 inferente
466 3811 737 3900 vibrationum
749 3819 950 3900 raritatem
964 3817 1209 3928 compensari
1223 3821 1496 3931 ejusgravita·

106 3957 223 4027 tem,
245 3957 334 4042 quor
350 3929 571 4014 crebriores
582 3929 760 4015 efficeret
775 3930 1032 4016 vibrationes.
1078 3937 1217 4066 Qare
1236 3935 1317 4017 hoc
1336 3963 1496 4022 eertum

102 4043 308 4141 habebis,
321 4045 530 4156 quaesrtum
550 4048 751 4130 Centrum
764 4049 1074 4130 Momentorurn
1089 4055 1169 4134 elle
1182 4047 1284 4130 ultra
1295 4055 1498 4162 putidum

102 4159 213 4245 illud
232 4161 512 4244 inventumex
525 4158 787 4271 longitudine
797 4161 1076 4277 perpendiculi
1091 4160 1279 4248 adhibiti.

166 4274 255 4378 Sed
270 4283 312 4358 δι
327 4273 428 4358 illud
442 4303 632 4388 praeterm
651 4275 946 4364 observandum
961 4276 1043 4377 est,
1058 4307 1193 4360 motus
1206 4275 1300 4365 istos
1315 4281 1490 4370 circula-

97 4421 166 4474 res
182 4417 404 4502 corporum
428 4388 747 4502 percutientium
772 4397 1042 4478 communiter
1067 4421 1151 4476 non
1165 4391 1316 4482 habere
1332 4429 1415 4514 ‚pro
1430 4397 1492 4484 sui

95 4501 245 4590 motus
260 4503 588 4589 Centroalteram
597 4511 907 4605 extremitatem,
919 4505 991 4590 nisi
1005 4504 1125 4602 forre,
1136 4510 1301 4620 quando
1309 4517 1360 4600 ad
1371 4513 1493 4600 solius

94 4617 259 4718 maniis
269 4649 427 4708 motum
440 4649 672 4727 moventem,
683 4623 823 4712 cubito
836 4653 886 4710 uc
900 4621 1071 4710 brachio
1088 4619 1285 4712 immotis:
1300 4629 1495 4722 t'aeteritm
1512 4691 1524 4720 ,,

1009 4738 1177 4830 XXxx
1238 4772 1262 4848 3
