3794 5266
376 227 769 390 Liberquartus.
805 229 1018 356 Cxl’u'r
1044 251 1265 360 XVIII.
1407 297 1516 402 497

135 389 270 486 mods
284 400 475 511 potentiae
492 396 712 480 admotum
731 399 922 510 ponderis
934 429 1133 516 augetur,
1155 406 1243 494 satit
1255 411 1517 506 manifestum

138 514 196 600 est
213 515 409 598 eredidit
453 511 609 598 Veritm
622 517 718 628 quia
733 543 817 596 non
832 511 923 600 rard
936 541 1019 604 tam
1034 519 1181 634 longus
1196 531 1340 629 vectis,
1358 513 1521 646 quanto*

138 658 237 744 opus
250 623 361 727 effet,
376 633 417 710 in
438 654 627 744 promptu
641 657 725 712 non
742 627 995 748 esttamr'psa
1011 634 1228 748 longitudo
1239 643 1354 729 ilium
1368 650 1522 738 reddea'

138 775 199 832 ret
207 746 406 843 frastioni,
424 771 495 828 ant
508 739 643 829 saltem
660 743 849 846 flexioni,
867 753 994 861 magis
1006 750 1244 856 obnoxium,
1258 785 1340 859 aut,
1362 763 1523 879 ripen-⁶

136 862 231 948 tulo
250 863 611 960 huieoccurntur,
625 889 708 945 tam
716 858 904 946 immanis
914 865 976 950 est
988 869 1112 955 vetris
1129 873 1268 974 moles,
1278 905 1324 960 ut
1337 907 1420 962 non
1432 881 1520 969 levi·

136 978 399 1063 incommodo
411 975 457 1058 stt
477 1005 528 1059 oo
543 976 773 1102 utentibus':
790 1007 1001 1098 propterea
1011 1007 1080 1068 ars'
1088 985 1224 1106 aliqua
1239 986 1522 1104 excogitaddu

136 1093 196 1293 eft
217 1153 228 1192 ‚
254 1123 337 1210 qua
357 1090 483 1182 oblati
509 1097 632 1178 vertis
654 1089 894 1181 brevitatem
914 1100 1244 1214 compensatione
1265 1107 1403 1226 aliqud
1422 1111 1526 1229 sup-⁵

176 1237 326 1294 eamus.
1337 1231 1345 1247 ’
1517 1264 1523 1275 -

133 1239 163 1326 P
190 1329 242 1408 Et
260 1318 394 1440 primd
414 1322 620 1439 quidemfi
635 1319 793 1408 oblatus
808 1321 856 1407 iit
872 1331 997 1416 tediis
1015 1333 1118 1433 AB,
1139 1335 1514 1463 habent'hyporno·

135 1437 291 1527 chlium
304 1445 349 1523 in
367 1443 429 1536 C,
447 1450 496 1526 ‘dt
518 1440 677 1554 pondus
693 1443 737 1521 in
760 1445 891 1526 Btam
976 1481 1001 1511 κ
1123 1454 1125 1463 ’

135 1585 281 1670 grave,
296 1583 343 1640 ut
357 1554 479 1640 unica
493 1559 673 1670 potentia
687 1557 730 1636 in
749 1557 786 1639 A
808 1585 891 1641 non

136 1671 224 1758 iotis
251 1671 297 1754 fit
310 1675 362 1757 ad
380 1671 623 1756 vincendam
641 1667 775 1753 oneris
796 1674 889 1756 resi·
922 1731 926 1740 -

131 1787 341 1886 stenditur,
362 1786 542 1902 utiquesr
561 1785 710 1882 altero,
726 1815 887 1871 autter·

133 1909 394 1988 tiomovtnte
412 1931 515 2020 opus
527 1901 678 2000 sit,non
691 1929 832 2012 omnes
844 1907 888 1990 in
952 1893 1006 2010 B
1039 1917 1083 2016 c

132 2018 386 2105 extremitate
413 2023 451 2104 A
481 2022 637 2102 vestem
657 2019 887 2134 apprehen·
1023 2042 1030 2045 ·
1114 2039 1148 2049 ··

133 2137 232 2222 dere
248 2134 398 2234 valent,
416 2131 482 2219 fed
496 2133 651 2221 alterio
668 2137 734 2231 D,
747 2139 889 2218 tertius

134 2255 177 2336 in
200 2253 234 2334 E
251 2283 263 2345 ς
284 2253 355 2367 qui
371 2277 604 2365 propterea,
622 2247 723 2333 litet
743 2241 901 2361 srnguii'*

131 2366 279 2482 aequali
299 2367 442 2452 robore
462 2363 654 2480 polleant,
667 2395 749 2448 non
761 2393 897 2450 tamen

133 2480 305 2598 aequalia
317 2481 473 2568 habent
493 2509 721 2578 momenta,
737 2477 804 2565 sed
816 2487 898 2597 pri-

127 2628 220 2684 mus
235 2627 280 2684 ut
297 2601 399 2696 AC,
410 2594 607 2682 secundus
620 2623 665 2678 ut
681 2599 725 2680 D
738 2597 791 2694 C,
804 2625 887 2683 ter·

126 2719 206 2798 tius
229 2743 276 2798 ut
292 2717 323 2800 E
339 2717 389 2800 C.
421 2717 679 2830 Quapropter
690 2709 791 2796 alter
805 2717 930 2800 venis
947 2719 987 2801 G
1001 2717 1045 2798 H
1059 2719 1297 2804 adnodatur
1309 2727 1526 2808 extremi-¹
1549 2777 1552 2786 f

131 2836 204 2916 tati
229 2840 266 2916 A
290 2832 341 2915 ad
361 2831 532 2942 angulos
549 2829 702 2924 retius,
723 2855 769 2910 ut
788 2830 889 2913 huic
909 2833 1098 2949 applicati
1118 2863 1294 2920 motores
1320 2836 1410 2952 plus
1433 2839 1506 2925 ha-

129 2945 256 3032 beant
269 2949 479 3032 momenti.
511 2947 550 3028 Si
569 2947 728 3028 enimA
742 2945 778 3029 C
793 2947 844 3030 ad
860 2947 937 3032 CB
956 2949 1080 3033 fuerit
1092 2979 1138 3034 ut
1156 2982 1206 3037 ιο
1217 2952 1269 3036 ad
1285 2983 1320 3050 1,
1336 2957 1506 3069 perinde
1637 3009 1648 3026 ι

125 3062 185 3146 est
198 3125 210 3160 ,
224 3064 393 3177 aequest
405 3063 567 3146 decnna
580 3059 769 3173 ponderis
785 3089 875 3176 pars
888 3059 912 3145 d
924 3061 1082 3149 duabus
1095 3069 1139 3148 in
1163 3067 1204 3149 G
1219 3077 1261 3152 δι
1277 3069 1322 3150 H
1337 3097 1369 3151 ae
1402 3069 1504 3153 uali-

127 3204 192 3262 ter
201 3177 254 3263 ab
272 3183 310 3262 A
326 3175 566 3264 distantibus
577 3176 781 3260 movenda
793 3171 889 3260 effer
901 3239 912 3277 ,
925 3209 974 3262 ac
990 3207 1200 3294 propterea
1211 3180 1355 3292 finguli
1370 3097 1505 3269 iemis-
1525 3242 1531 3256 ι

124 3289 209 3378 fem
221 3296 391 3379 decimae
403 3297 524 3408 partis
540 3289 767 3376 refistentiae
782 3291 1034 3409 percipiunt,
1046 3296 1127 3378 hoc
1138 3295 1209 3392 est,
1225 3298 1379 3394 habent
1389 3298 1505 3386 fimul

123 3405 277 3524 sumpti
290 3437 543 3494 momentum
557 3433 602 3492 ut
616 3443 667 3494 20
679 3407 730 3492 ad
747 3441 763 3490 r
779 3413 872 3524 :qui
885 3437 1022 3494 autem
1033 3412 1075 3492 in
1089 3411 1125 3494 A
1139 3406 1237 3495 effet
1248 3407 1365 3512 solus,
1378 3411 1504 3501 habe-

124 3553 189 3608 ret
205 3553 461 3613 momentum
473 3553 519 3606 ut
535 3553 597 3619 10,
610 3533 650 3610 dt
663 3526 732 3638 qui
746 3526 789 3606 in
801 3527 844 3608 D
860 3525 1028 3611 haberet
1041 3553 1293 3610 momentum
1307 3557 1370 3614 ex.
1382 3557 1440 3642 gr.
1456 3533 1504 3618 ιιι
1523 3565 1526 3572 ’

119 3673 172 3748 95
190 3648 264 3757 qui
282 3636 441 3726 ideircd
456 3638 570 3724 sunul
584 3635 729 3754 sumpti
739 3637 874 3726 minits
890 3639 1052 3756 poffunt
1068 3640 1190 3754 quim
1206 3643 1250 3723 G
1263 3653 1305 3728 δι
1319 3645 1382 3727 Η.Δ
1451 3747 1456 3756 .

183 3763 245 3842 At
264 3758 291 3842 st
308 3754 482 3842 uoluerit
497 3781 575 3841 tres
589 3751 777 3838 homines
791 3757 833 3836 in
841 3753 1167 3842 'extrenumtibu's
1181 3757 1306 3842 vertis
1325 3760 1367 3846 G
1380 3761 1427 3842 H
1440 3757 1503 3848 di·
1555 3799 1561 3806 ·

123 3869 383 3958 stribuerein
394 3875 594 3988 potentias
601 3865 808 3983 aequaliter
821 3869 1243 3984 conantendistingue
1256 3875 1298 3960 G
1310 3876 1357 3960 H
1368 3873 1502 3963 intres
1520 3887 1523 3894 '

114 4015 282 4103 partes,
295 3997 337 4074 δι
350 3988 396 4069 stt
416 3987 510 4074 ΑΗ
528 3990 653 4070 triens
667 3982 791 4068 totius
803 3983 1072 4098 longitudinis
1090 3987 1184 4070 GH
1203 4025 1213 4072 r
1231 3991 1411 4074 turnduo
1427 4021 1500 4107 ap-

115 4103 333 4216 plicentur
349 4103 595 4189 extremitati
611 4101 659 4186 H
673 4161 684 4198 ,
707 4105 847 4188 tertius
862 4097 962 4186 verd
978 4099 1222 4188 extremitati
1243 4105 1312 4186 G:
1331 4129 1377 4186 ut
1389 4113 1501 4195 enirn
1521 4162 1526 4178 ·

112 4222 309 4333 potentia
319 4216 470 4332 duplex
486 4222 528 4302 in
546 4217 594 4298 H
611 4217 663 4302 ad
678 4213 902 4330 potentiam
913 4216 957 4300 ιιι
974 4219 1038 4318 G,
1055 4216 1112 4302 ita
1125 4215 1333 4330 reciproce
1348 4218 1499 4334 duplex
1525 4263 1529 4290 :

109 4331 316 4419 distantia
345 4337 435 4420 GA
462 4333 513 4418 ad
533 4331 762 4420 distantiam
792 4335 902 4420 AH.
948 4337 1057 4418 Num
1081 4331 1424 4446 quenadmodum
1446 4340 1500 4424 de

109 4449 412 4538 sustinentibus
429 4449 588 4564 pondus
604 4450 718 4532 vetit
736 4444 817 4532 sive
829 4447 1056 4564 equaliter,
1073 4447 1155 4530 srve
1168 4446 1499 4562 inaeqtraliter'di..

107 4568 203 4655 viso
222 4565 381 4652 dietum
392 4565 474 4663 est,
491 4568 545 4650 ita
558 4560 623 4650 hic
636 4566 785 4674 pariter
794 4565 849 4652 de
861 4561 1144 4648 Prem'entibus
1161 4560 1405 4662 dicendmn,
1424 4567 1498 4682 qui
1526 4581 1530 4588 ’

104 4683 224 4770 ιιι-Η
251 4689 292 4772 dc
308 4679 353 4764 in
371 4682 411 4783 G
430 4679 701 4780 sunt-viciffim
714 4674 1357 4878 dommim-Hypotlpochlim'r
1382 4704 1434 4766 ex
1447 4713 1498 4766 eo
1516 4717 1531 4766 ι

151 4848 205 4870 .,.
295 4843 303 4870 ι
1170 4821 1222 4874 rr
