3780 5270
334 242 346 248 ,.
375 169 476 388 ζμ
855 223 1276 362 Mecham‘comm

432 389 545 486 Cute
560 417 698 478 autem
718 454 729 492 ‚
751 421 803 478 ne
821 385 890 476 hic
908 395 952 476 in
970 390 1165 478 latentem
1186 389 1392 508 quendam
1411 392 1742 507 aequivocationis

374 513 584 636 scopulum
596 509 798 608 incurras,
814 509 841 592 li
854 508 962 594 forte
982 510 1212 626 permixtim
1226 512 1401 626 accipias
1411 508 1602 623 ponderis
1618 511 1746 595 eleva·

376 641 531 746 tionem
547 657 670 746 atque
683 625 862 741 ejusdem
875 621 1046 742 suspenli
1066 630 1362 724 retentionem,
1386 655 1438 708 ne
1464 625 1641 720 recidam
1656 628 1742 712 haec

375 742 1195 859 enimduooppofitomodocontingunt,
1216 752 1361 857 &quae
1375 739 1746 828 minorfunisobli-
1856 827 1857 848 Ν

378 871 511 1068 quitos
527 857 644 946 causa
663 857 722 942 est
742 857 931 944 facilioris
944 859 1208 955 elevationis,
1237 860 1381 943 eadem
1396 856 1667 942 difficiliorem
1686 859 1745 944 ef·

412 986 469 1066 cit
497 975 804 1063 retentionem:
835 975 1114 1092 ηειπροιιάιιε
1144 981 1175 1059 B
1199 978 1396 1058 retinetur
1425 971 1460 1059 i·
1477 973 1661 1088 potentii
1700 977 1748 1072 C,

335 1103 339 1108 ’
378 1093 530 1211 absque
555 1083 605 1176 'eo
634 1090 746 1206 q'uod
774 1089 956 1205 potentia
978 1089 1062 1175 ullo
1089 1117 1239 1176 conatu
1262 1117 1406 1201 urgeat
1430 1091 1573 1206 polos,
1605 1087 1750 1206 quibus

379 1209 467 1298 axis
488 1219 529 1296 δι
561 1207 855 1322 peritrochium
877 1203 1113 1305 incumbit,
1142 1201 1240 1290 ided
1267 1209 1427 1320 pondus
1454 1231 1558 1290 totas
1581 1203 1668 1291 suas
1696 1205 1751 1289 vi-

381 1326 595 1414 retexerit
618 1321 806 1408 adversim
827 1327 1049 1436 potentiam
1073 1318 1225 1406 sursum
1245 1325 1399 1406 directe
1425 1323 1657 1407 trahentem
1684 1351 1752 1404 :at

363 1439 486 1532 ’τετὸ
511 1444 554 1522 in
582 1443 611 1528 F
640 1465 710 1522 aut
734 1442 777 1520 in
803 1441 846 1522 D
874 1441 1056 1553 potentia
1088 1435 1238 1521 sursum
1262 1435 1431 1552 oblique
1453 1438 1620 1522 trahens
1643 1465 1751 1550 tym-

381 1571 536 1680 panum
557 1549 690 1642 versus
715 1579 900 1638 centrum
926 1555 1228 1668 quodammodo
1252 1581 1408 1665 urget,
1439 1554 1670 1670 &quidem
1701 1549 1752 1636 eri

383 1679 541 1791 magis,
568 1666 655 1784 qud
678 1673 806 1782 magis
825 1666 992 1782 obliqua
1025 1667 1086 1750 cst
1117 1672 1291 1763 tradiior
1317 1699 1365 1752 ac
1397 1671 1568 1784 proinde
1593 1671 1752 1783 pondus

384 1823 470 1897 non
489 1785 615 1872 solirm
631 1789 796 1868 vincere
813 1782 943 1886 debet
959 1788 1149 1898 potentiae
1168 1782 1272 1868 vires
1292 1847 1303 1883 ,
1332 1782 1394 1868 sed
1422 1785 1546 1868 etiarn
1568 1783 1752 1868 resisten-

385 1913 483 1994 tiam
511 1933 563 1987 ex
586 1895 654 1985 illi
668 1901 867 2015 preffione
892 1925 1055 1992 ortamt
1081 1927 1168 2015 quae
1187 1896 1420 2018 quomajor
1442 1899 1503 1984 est
1527 1897 1601 2014 pro
1625 1903 1753 2012 majo

385 2053 428 2110 re
444 2011 748 2106 declinationeti
759 2009 1022 2132 parallelistno
1042 2044 1136 2100 cum
1155 2013 1277 2118 lineri¹
1290 2017 1396 2113 BG,
1415 2043 1486 2098 aut
1500 2019 1633 2102 Radio
1655 2021 1694 2100 A
1709 2020 1754 2112 K,

384 2142 580 2250 majorem
598 2161 763 2247 quoque
777 2133 968 2247 potentia:
983 2127 1128 2214 tribuit
1139 2133 1341 2218 retinendi
1359 2129 1606 2217 facilitatem.
1643 2132 1755 2216 Hinc

385 2241 555 2370 quando
576 2243 775 2332 secundus
793 2249 892 2330 Axis
908 2240 1024 2329 estin
1042 2244 1232 2332 inferiore
1252 2245 1345 2330 loco
1353 2307 1372 2342 -,
1402 2257 1443 2331 &
1462 2253 1658 2363 potentiae
1673 2277 1756 2331 tra.

386 2367 524 2473 hantis
542 2361 710 2472 direch'o
728 2357 914 2446 deorsum
933 2360 1092 2462 tendit,
1114 2365 1243 2472 magis
1267 2386 1507 2474 premuntur
1525 2363 1639 2480 poli,
1664 2369 1756 2478 quia

388 2480 676 2596 &inpotentia
699 2472 885 2560 deorsum
909 2503 1112 2576 conante,
1138 2485 1181 2560 δι
1204 2471 1230 2558 d
1246 2475 1439 2590 ponderis
1464 2473 1664 2589 gravitate
1691 2511 1756 2560 ur-

388 2625 567 2715 gentur,
597 2604 639 2682 &
663 2591 829 2706 quidem
846 2584 900 2672 ed
920 2583 1075 2702 inagis,
1100 2583 1187 2708 qud
1212 2597 1340 2703 magis
1363 2598 1554 2707 potentiae
1572 2593 1758 2680 deorsum

343 2730 347 2736 “
388 2714 585 2801 trahentis
604 2705 773 2808 dircdtio
790 2703 952 2790 accedit
971 2707 1024 2796 ad
1040 2704 1188 2792 lineam
1202 2704 1416 2792 direstioni
1437 2710 1629 2824 ponderis
1657 2711 1705 2792 M
1718 2713 1759 2793 N

387 2821 650 2947 parallelum,
670 2851 742 2906 aut
756 2819 860 2904 ultra
884 2819 995 2907 illam
1012 2821 1193 2910 excurrit
1208 2819 1247 2904 se
1266 2825 1569 2938 quodammodo
1582 2829 1758 2908 invicem

301 2946 311 2991 '³
388 2929 648 3043 decussando
691 2942 760 3024 An
779 2965 863 3034 non
882 2935 997 3022 excit
1021 2938 1278 3054 publicorum
1303 2967 1519 3053 puteorum
1539 2971 1759 3026 marmorea

373 3061 500 3149 'labra
521 3056 741 3171 aliquando
769 3049 1011 3152 observam,
1040 3085 1129 3169 quae
1155 3057 1349 3142 diuturno
1370 3083 1493 3171 atque
1517 3053 1758 3172 frequentis-

390 3169 585 3262 fimousu
609 3165 635 3258 i
657 3167 854 3268 funibus,
888 3171 1037 3286 quibus
1071 3198 1179 3287 aqut
1207 3170 1429 3269 hauritur,
1457 3173 1607 3256 detrita
1638 3169 1757 3256 sunt?

389 3295 541 3406 Utique
569 3317 718 3402 aquarn
735 3285 780 3370 in
797 3285 909 3376 srtuli
935 3283 1085 3371 surfirm
1113 3285 1311 3376 trahentis
1336 3276 1451 3370 labor
1484 3293 1619 3380 minor
1644 3281 1760 3381 effer,

391 3403 545 3513 caeteris
566 3402 757 3520 paribus,
783 3401 813 3484 st
841 3398 967 3490 solum
992 3399 1117 3490 fitulae
1144 3415 1187 3492 δι
1212 3429 1325 3516 aquae
1351 3405 1590 3518 gravimtem
1615 3405 1759 3487 vinct-

392 3553 437 3608 re
461 3547 692 3636 oporteret,
721 3513 844 3634 quim
873 3516 900 3602 sr
927 3541 1071 3634 praecer
1093 3519 1202 3607 hanc
1223 3513 1356 3602 etiarn
1372 3515 1594 3633 superanda
1621 3520 1679 3602 stt-
1698 3549 1759 3602 re-

392 3637 598 3744 fistcntia,
625 3663 714 3748 quae
729 3667 785 3722 cx
803 3632 912 3720 vfunis
936 3633 1135 3720 conflictu
1158 3663 1262 3721 cum·
1280 3647 1477 3722 marmore
1501 3642 1641 3719 oritur.
1685 3634 1760 3718 Sed

392 3753 489 3872 quia
511 3752 663 3852 deinde
680 3753 760 3844 hoc
776 3755 922 3838 eodem
942 3751 1136 3836 conflidiu
1153 3751 1352 3846 efficitur,
1373 3777 1418 3834 ut
1438 3753 1605 3864 quando
1622 3750 1760 3834 turtio

392 3873 556 3959 alternis
576 3867 742 3952 morulis
763 3867 1047 3968 interciditur,
1070 3873 1244 3955 retentio
1264 3863 1464 3954 nunorem
1486 3867 1681 3982 ‘potentie
1697 3897 1764 3948 co

393 4012 535 4076 natum
567 3980 705 4098 exigat
732 4015 749 4082 3,
775 4011 986 4100 propterea
1015 3992 1139 4070 etiam
1173 3983 1379 4069 trahentes
1404 3981 1527 4067 facile
1557 3987 1764 4100 patiuntur

394 4103 655 4189 resistentiam
677 4103 848 4210 augeri,
876 4129 923 4184 ut
947 4100 1199 4218 aliquantulo
1216 4097 1369 4189 'laboris
1387 4104 1639 4216 compendio
1662 4127 1764 4214 gau-

390 4221 552 4314 deant„
573 4221 746 4334 'quoties
770 4215 966 4329 placuerit
992 4221 1172 4333 quietem
1198 4215 1375 4330 aliquam
1399 4244 1575 4332 captare.

431 4339 693 4449 Quamquam
707 4363 791 4416 non
802 4337 1036 4448 negiu-erim
1049 4336 1167 4420 rudes
1179 4331 1368 4443 foenquas
1381 4359 1504 4444 atque
1516 4360 1664 4446 pueros
1683 4329 1764 4414 hoc

394 4457 438 4538 in
455 4480 601 4568 opere,
621 4448 763 4534 naturi
776 4449 905 4550 duce,
922 4481 1101 4564 querere
1117 4454 1240 4536 eciam
1259 4454 1303 4536 in
1329 4445 1525 4533 trahendi
1544 4445 1697 4533 sursum
1715 4445 1763 4528 sr-

391 4565 477 4660 tuli
499 4597 581 4650 non
595 4565 683 4650 leve
704 4566 849 4652 laboris
867 4569 1179 4682 compendium:
1203 4566 1357 4652 lieninr
1376 4565 1503 4662 teet,
1523 4568 1678 4650 intacto
1694 4593 1762 4678 pu·

395 4687 450 4769 tei
468 4681 600 4780 labro,
615 4681 723 4768 funis
735 4681 886 4772 sursum
897 4685 1118 4774 trahendus
1128 4680 1229 4770 'ellet
1239 4746 1252 4784 ,
1267 4685 1309 4770 id
1326 4680 1468 4799 utique
1484 4679 1563 4772 soli
1580 4682 1764 4769 brachio

1681 4825 1764 4884 rum
