3932 5274
393 191 506 332 766
727 185 737 204 ⁸
799 179 1295 304 *immanitatum

395 341 1783 468 datospira'rumintervallo,iniminttangulnshoicintervallatan·

281 465 289 476 ⁸
395 491 520 583 qnam
548 465 1402 586 Tangentiopposi'tun,scilicet'inclinatio
1420 471 1553 587 spirat,
1574 484 1618 560 dt
1646 477 1783 590 hypo-

395 582 571 710 thenusa
586 607 781 700 tanquam
797 579 978 700 ejusdem
990 585 1300 700 anguli3Secant
1311 591 1381 676 dat
1393 587 1516 706 ipfius
1528 591 1647 677 lineae
1657 593 1780 708 spira-

397 701 446 786 lis
461 701 776 813 longitudinem.
955 705 958 712 ’
1008 760 1011 768 .
1087 773 1089 780 .

459 821 586 933 Qod
615 821 643 904 st
668 825 791 903 tutius
814 817 932 904 linea
963 817 1114 937 spiralis
1139 815 1373 908 universum
1402 817 1633 934 cylindrum
1665 851 1779 905 com-

270 1009 278 1024 t
398 935 612 1052 pledcutis
634 934 785 1021 lineam
805 937 1027 1036 desideras,
1044 939 1448 1056 totiespetipheriam
1463 936 1563 1021 basis
1582 935 1780 1048 multipli-

398 1083 471 1151 ca,
489 1075 590 1169 quot
603 1049 693 1136 sunt
708 1050 900 1168 spirarunt
916 1053 1133 1164 circuitus,
1144 1060 1190 1143 rdt
1207 1054 1377 1141 habebis
1391 1051 1571 1138 Radiutn
1584 1088 1595 1146 3
1610 1050 1783 1166 cylindri

397 1169 573 1255 altitudo
586 1169 991 1283 dabirTangenteni,
1007 1176 1074 1256 cui
1091 1170 1336 1285 respondens
1347 1174 1495 1256 Secans
1510 1169 1710 1256 indicabit
1724 1198 1784 1250 to-

397 1292 480 1370 tius
496 1281 605 1402 spirat
617 1291 818 1400 integram
832 1286 1146 1398 longitudinem.
1187 1289 1256 1374 'Sit
1269 1317 1332 1372 ex.
1349 1313 1407 1400 gr.
1422 1285 1591 1398 cylindri
1611 1283 1783 1371 altitudo

356 1413 360 1428 '
401 1405 493 1522 ped.
509 1435 544 1510 3.
563 1405 644 1492 hoc
658 1404 718 1491 est
735 1407 949 1489 unciarum
967 1413 1031 1512 36'.
1052 1407 1141 1514 ejus
1154 1401 1353 1490 diameter
1377 1407 1587 1486 unciarum
1609 1435 1633 1513 7
1654 1439 1667 1498 5
1686 1430 1785 1515 ergo

402 1519 504 1610 basis
527 1526 745 1636 perimeret
766 1549 861 1604 unc.
877 1555 926 1605 22
950 1557 960 1604 t
992 1525 1195 1636 Spirarum
1217 1519 1565 1606 circuitus-finti
1574 1551 1593 1624 5
1622 1557 1630 1602 :
1659 1518 1784 1632 igitur

285 1663 291 1682 ·
399 1636 523 1736 'dudd
538 1642 754 1752 perimetto
769 1671 817 1721 22
833 1641 876 1720 in
893 1656 940 1746 (ις
956 1694 966 1736 ,
984 1637 1159 1759 habetur
1178 1671 1196 1748 5
1206 1671 1259 1748 50
1275 1663 1469 1747 tanquam
1484 1635 1660 1736 Radius,
1674 1647 1715 1722 δι
1733 1646 1784 1744 36

402 1781 598 1870 tanquam
612 1757 834 1864 Tangens:
857 1752 986 1868 igitur
1010 1779 1056 1839 ut
1068 1751 1234 1864 unciar‘p
1241 1787 1293 1864 50
1307 1753 1359 1838 ad
1376 1757 1517 1836 uncias
1530 1763 1582 1857 36
1598 1811 1610 1850 ,
1629 1757 1685 1835 ita
1698 1755 1781 1838 Ra.-

402 1875 495 1958 dius
516 1901 684 1960 100000
701 1869 797 1956 ad=6
802 1895 878 1982 545
895 1875 1156 1982 Tangentem
1174 1899 1233 1982 gr.
1253 1905 1287 1977 3.
1311 1899 1447 1976 m.45.
1475 1873 1544 1952 cui·
1571 1866 1783 1982 respondet

404 1994 552 2074 Secans
574 2016 768 2088 100214=
793 1993 992 2104 Qareut
1009 2017 1178 2074 100000
1197 1988 1250 2072 ad
1264 2013 1454 2090 100214,
1486 1989 1542 2068 ita
1553 1991 1684 2068 unciae
1700 2015 1718 2093 5
1727 2017 1779 2092 50

402 2105 455 2190 ad
468 2107 606 2188 uncias
621 2135 640 2212 5
651 2133 695 2214 5,
714 2105 775 2226 {¹²3⁷}
792 2102 1095 2218 longitudinem
1111 2102 1234 2186 totius
1251 2102 1368 2186 lineae
1390 2095 1568 2213 spiralis3
1588 2131 1735 2215 quam,
1755 2099 1784 2185 fi

404 2277 539 2337 careas
555 2247 726 2332 Canone
748 2251 1135 2364 Trigonometrico,
1166 2249 1289 2332 etiam
1308 2241 1479 2342 habebis
1507 2273 1558 2340 ex
1577 2273 1645 2353 47.
1662 2243 1732 2329 lib.
1750 2275 1781 2328 1.

405 2364 596 2453 addendo
615 2363 809 2480 quadrata
830 2388 1091 2450 numerorum
1112 2375 1266 2470 550&
1290 2373 1372 2464 36,
1397 2359 1476 2472 erip
1499 2363 1612 2445 enim
1637 2363 1786 2446 horum

405 2479 560 2568 summa
576 2483 818 2597 quadratum
835 2545 846 2583 ,
862 2487 977 2598 cujur
990 2480 1124 2566 Radix
1137 2477 1252 2564 dabit
1266 2479 1440 2564 candem
1458 2479 1664 2592 quaefitam
1679 2474 1785 2592 spite

405 2600 719 2714 longitudinem.
859 2691 864 2706 ,
1114 2597 1118 2606 ’
1221 2661 1224 2668 ·
1431 2691 1433 2698 Α

465 2721 574 2802 Cum
589 2744 726 2800 autem
743 2715 833 2802 haec
854 2711 962 2832 spirae
975 2712 1215 2832 longitudo,
1235 2713 1315 2798 live
1333 2709 1540 2812 universa,
1560 2711 1643 2800 five
1661 2716 1784 2828 parti-

405 2833 573 2944 culatim
586 2821 824 2930 assumatur,
837 2829 992 2945 semper
1005 2831 1168 2946 longior
1181 2833 1250 2929 sit,
1267 2829 1349 2916 sive
1364 2827 1580 2946 multiplici
1595 2893 1606 2929 ,
1619 2831 1702 2914 srvi
1718 2828 1788 2912 sm-

280 2984 284 2993 ’
409 2951 538 3066 gulari
558 2953 775 3064 perimetto
790 2947 958 3046 circuli,
982 2954 1054 3062 qui
1070 2951 1129 3034 est
1151 2947 1250 3033 basis
1269 2943 1469 3060 cylindri,
1489 2953 1631 3061 utique
1658 2963 1786 3028 motus

406 3072 623 3184 potentiae,
641 3063 806 3181 cjrisque
832 3085 1108 3165 momentum,
1128 3095 1212 3149 non
1230 3095 1279 3148 ex
1297 3065 1376 3147 hac
1399 3061 1530 3177 spirali
1545 3061 1653 3148 lineri
1670 3057 1785 3146 delit-

406 3182 606 3270 'mendum
628 3181 711 3278 estt
731 3185 993 3298 nequeenim
1011 3179 1092 3293 ipsa
1113 3175 1193 3266 else
1211 3181 1343 3295 potest
1355 3177 1542 3264 mensura
1563 3176 1696 3264 mortis
1712 3207 1786 3291 po·

279 3399 282 3408 Δ
409 3301 545 3383 'tentia
561 3295 745 3409 cylindro
757 3298 965 3413 applicata
978 3298 1029 3382 ad
1045 3299 1327 3411 ejusdiametri
1344 3300 1654 3382 extremitatem.
1674 3293 1788 3377 Hinc

408 3413 469 3500 est
481 3411 584 3498 mihi
600 3443 684 3497 non
698 3417 875 3500 arridere
890 3443 1030 3498 eorum
1046 3409 1309 3512 sententiam,
1329 3417 1400 3526 qui
1421 3413 1599 3502 cochleae
1611 3415 1717 3495 vires
1731 3440 1789 3494 re·

407 3529 547 3640 ferunt
561 3530 612 3614 ad
628 3528 795 3646 planum
803 3529 1074 3626 inclinatum,
1094 3529 1205 3646 quod
1216 3529 1267 3613 ab
1281 3529 1365 3644 ipsi
1377 3527 1486 3616 linei
1501 3526 1628 3645 spirali
1646 3549 1788 3644 repre-

238 3691 241 3711 ·
275 3729 285 3752 x
356 3723 359 3730 .
409 3645 598 3733 sentetur.
643 3649 693 3729 In
718 3643 1057 3762 planofiquidem
1082 3643 1279 3730 inclinato
1299 3675 1554 3730 momentum
1572 3671 1789 3759 gravitatis,

408 3765 461 3850 ad
472 3760 655 3874 ejusdem
666 3767 872 3876 gravitatis
885 3791 1141 3848 momentum
1155 3763 1198 3846 in
1210 3758 1529 3878 perpendiculo,
1545 3761 1586 3856 se
1597 3760 1720 3846 habet
1731 3789 1790 3842 te-

410 3879 578 3997 ciproci
597 3907 642 3964 ut
654 3879 994 3996 perpendiculum
1007 3879 1057 3965 ad
1070 3877 1195 3996 ipsam
1210 3881 1360 3963 lineam
1374 3878 1792 3992 inclinatamuacpro-

410 4024 549 4114 pterea
572 3999 744 4082 eandem
768 4001 989 4082 Rationem
1018 3993 1175 4083 servant
1192 4023 1361 4080 conatus
1382 3998 1576 4081 Potentiae
1594 3994 1792 4079 moventis

411 4115 651 4231 pondusaut
665 4117 707 4196 in
720 4113 1014 4230 perpendiculo
1024 4115 1036 4212 ‚'
1052 4141 1121 4199 aut
1132 4119 1175 4198 in
1191 4113 1314 4228 plano
1327 4111 1536 4199 inclinato.
1564 4115 1620 4196 At
1637 4107 1706 4195 hic
1719 4139 1792 4225 po·

412 4235 540 4315 tentia
564 4259 648 4314 non
663 4259 852 4316 movetur
868 4235 996 4344 juxta
1008 4231 1125 4338 linea
1140 4229 1347 4314 inclinatae
1365 4228 1694 4343 longitudinem,
1728 4223 1790 4312 sed

412 4346 599 4433 breviore
610 4351 847 4462 motujuxta
859 4345 981 4435 bafim
994 4343 1186 4460 trianguli
1200 4345 1573 4458 redanguli,cujus
1586 4344 1789 4460 hypothe-

281 4513 289 4535 ν
413 4462 512 4566 nusa
525 4455 585 4548 e'st
613 4461 693 4576 ipsa
708 4465 815 4550 linea
841 4463 1036 4550 inclinata
1058 4503 1067 4548 ε
1096 4469 1225 4579 Igitur
1242 4467 1432 4580 potentiae
1449 4489 1702 4574 momentum
1717 4459 1789 4543 ali-

414 4609 570 4696 quanto
585 4579 719 4663 minus
733 4579 980 4690 censendum
992 4579 1073 4680 est,
1087 4579 1211 4698 quain
1227 4611 1299 4698 pro
1311 4583 1487 4664 Ratione
1499 4577 1609 4695 plani
1625 4576 1791 4662 inclina-

414 4701 457 4779 ti.
496 4698 616 4782 Adde
645 4727 852 4783 momenta
884 4703 1092 4809 gravitatis
1117 4701 1309 4816 ponderis
1335 4697 1510 4807 alicujus
1531 4723 1640 4780 -tunc
1669 4693 1791 4876 seigam

1746 4826 1789 4871 cn
