3794 5270
393 231 505 370 788
857 195 1283 317 Methanicvrem
1332 269 1337 279 ·

384 387 554 478 infinita
569 373 669 494 spiri
682 368 960 488 excipiantur:
979 355 1200 444 Manuhrio
1215 347 1495 444 enimuersaro
1509 344 1681 434 cochlea
1695 351 1758 432 in.

388 509 504 593 finita
524 495 794 584 convertitur,
810 497 850 573 δι
869 476 1032 593 singulis
1042 471 1370 560 conversionibus
1384 465 1563 577 singulos
1580 467 1760 578 tympani

349 627 352 634 ’
385 626 551 712 dentes,
564 611 662 694 alios
679 603 848 690 subinde
868 607 989 711 arque
1000 589 1098 680 alios
1112 614 1376 704 promovens,
1392 585 1574 694 tympani
1591 579 1758 662 covolu-
1885 609 1886 612 ι

387 743 542 823 tionem
558 724 708 818 efficit,
723 721 846 832 atque
865 741 965 798 cum
983 737 1033 792 eo
1051 710 1198 821 pariter
1225 701 1350 784 infixa
1377 698 1550 787 cochlea
1573 692 1759 777 versatur.

387 848 582 944 Prudenti
600 865 735 950 antem
752 817 1263 914 Machinatorinondeerit
1277 814 1518 906 methodus,
1532 839 1612 922 qna
1625 807 1762 914 hujus·

368 1020 372 1028 -
389 967 499 1054 modi
515 954 701 1052 cochlea
709 949 875 1031 'infinita
889 939 1136 1056 applicetur,
1154 944 1196 1020 δι
1213 929 1435 1014 simulcum
1452 953 1644 1038 tympano
1656 927 1759 1007 deo-

390 1110 475 1166 tato
486 1077 732 1189 deprimatur
745 1089 814 1146 aut
828 1057 1051 1148 attollatur,
1067 1050 1092 1132 sr
1111 1041 1357 1162 opus'fuerit.
1402 1047 1664 1154 Quapropter
1679 1043 1760 1121 lla-

390 1203 448 1280 150
464 1183 701 1309 peripheria:
719 1172 903 1294 tympani
923 1169 973 1254 ad
994 1161 1250 1252 intervallum
1265 1157 1453 1274 spirarum
1467 1155 1547 1242 suae
1565 1155 1759 1248 cochlea,
1885 1169 1886 1178 '

392 1269 1762 1418 cumponendaestcumRationepetrpheriaeimmubriodescriptre

316 1449 317 1453 '
390 1430 443 1516 ad
459 1414 714 1528 intervallum
728 1408 916 1522 spirarum
929 1395 1105 1482 cochlea
1124 1391 1291 1476 infinitae
1305 1427 1314 1472 t
1329 1391 1379 1474 ex
1395 1387 1476 1472 hoc
1491 1388 1688 1498 siquidem
1702 1391 1763 1466 in-

314 1579 318 1591 ·
391 1535 559 1630 teruallo
576 1529 728 1647 pendet
746 1513 1129 1631 mortrspcripheriae
1149 1509 1326 1620 tympani
1348 1565 1360 1600 ,
1383 1503 1496 1608 cujus
1520 1505 1667 1585 dentes
1689 1529 1761 1612 ap-

393 1649 730 1781 prehendunturt
749 1657 832 1750 quo
841 1639 955 1718 enirn
964 1621 1122 1744 pressior
1135 1617 1382 1742 elilcochlee
1395 1618 1563 1702 infinirat
1580 1609 1760 1730 spiratis

392 1755 596 1859 tinuiores
614 1751 974 1869 &frequentiores
998 1738 1130 1828 insunt
1150 1765 1341 1849 tympano
1354 1735 1508 1820 dentes.
1550 1736 1609 1830 Sit
1628 1761 1691 1816 ex.
1706 1755 1765 1840 gr.
1885 1729 1886 1740 ‘

393 1889 585 2006 spirarum
600 1870 776 1960 cochlea
793 1863 1009 1982 prementis
1033 1847 1547 1976 interuallumsuhtriplum
1574 1847 1763 1930 semidja.

393 2003 513 2094 metri
532 1992 710 2107 tympani
729 2047 740 2082 ,
757 1987 823 2067 cui
837 1977 903 2062 illa
921 1969 1113 2058 inlinacst
1129 2006 1139 2050 ι
1153 1971 1279 2078 igitur
1294 1967 1418 2050 Ratio
1434 1968 1639 2078 perimetri
1659 1990 1765 2075 tym-

395 2120 490 2240 pani
502 2112 553 2198 ad
565 2098 819 2192 intervallum
834 2091 1024 2208 spirarum
1037 2083 1096 2168 est
1111 2111 1158 2166 ut
1175 2113 1187 2164 1
1202 2090 1222 2167 8
1239 2074 1346 2194 ffiad
1366 2111 1399 2164 r.
1430 2086 1485 2164 At
1499 2079 1695 2164 Cochleae
1708 2085 1765 2160 in
1885 2075 1886 2168 ζ

374 2285 380 2308 ·
398 2249 523 2334 finitae
534 2230 791 2323 manubrium
803 2219 1045 2346 ad'ejusdem
1058 2213 1483 2334 spirarumdistanriam
1499 2204 1717 2288 fitutroad
1732 2233 1767 2283 r:

398 2341 885 2465 Monrsigiturpooentiae
901 2335 1157 2419 manubritim
1174 2325 1362 2414 rersrttrtis
1385 2323 1446 2408 est
1472 2351 1515 2405 ut
1538 2321 1771 2434 peripheria

299 2561 306 2568 .
398 2473 596 2586 descripta
618 2447 1114 2574 tafssadmotumu'nius
1136 2445 1270 2566 dentis
1288 2443 1469 2554 tympani
1496 2463 1540 2520 ut
1566 2469 1599 2521 r.
1650 2439 1775 2518 Ratio

399 2613 538 2722 itaque
563 2629 615 2684 ex
639 2597 704 2680 his¹
732 2591 889 2678 duabus
910 2585 1153 2673 Rationibus
1180 2581 1412 2698 Cornpdfita
1431 2579 1490 2664 est
1505 2613 1517 2665 r
1534 2572 1716 2685 rilyffi-‚ad
1742 2599 1772 2651 r.

400 2747 463 2831 Ex
479 2765 561 2854 quo
575 2726 662 2816 satis
677 2713 890 2807 innotescit
903 2777 914 2814 ,
928 2741 1081 2830 quanto
1097 2705 1243 2794 virium
1259 2711 1509 2789 incremento
1519 2708 1696 2791 addatur
1709 2741 1777 2792 co.

401 2857 531 2946 chleae
548 2839 705 2958 vulgari
734 2831 903 2920 cochlea
930 2833 1017 2914 haec
1036 2821 1196 2910 infinita
1222 2852 1302 2904 tam
1331 2821 1451 2904 brevi¹
1472 2823 1690 2907 manubrio
1712 2823 1775 2908 in.

402 2972 549 3060 strutia
559 3025 571 3064 ,
585 2961 676 3046 loco
693 2951 816 3038 vectis
830 2947 1048 3032 admodum
1062 2943 1173 3054 longi
1189 3001 1199 3038 ‚
1216 2965 1337 3054 quern
1353 2927 1462 3059 sp'arij
1481 2942 1677 3050 angufflae
1696 2973 1778 3024 „on

403 3119 452 3174 ca
506 3107 607 3166 rent.
1098 3129 1105 3142 .

451 3115 715 3286 Ριῗειὺιιιιιοιι
730 3183 780 3270 ad
796 3179 999 3294 augendas
1020 3172 1302 3258 tantummodo
1316 3159 1442 3266 vires,
1463 3167 1553 3264 scu,
1580 3195 1625 3249 ut
1643 3167 1781 3253 veriits

403 3309 629 3408 dicamas
642 3293 1141 3408 momentorumpotentiae
1162 3291 1457 3374 incrementum
1471 3347 1482 3382 ,
1498 3283 1687 3366 adhiberi
1707 3317 1780 3400 po-

324 3464 330 3472 ·
404 3431 482 3520 test
502 3421 671 3511 cochlea
700 3407 859 3500 infinita
878 3470 889 3508 ,
909 3407 976 3494 sed
1002 3407 1054 3490 ad
1082 3431 1239 3487 morum
1267 3407 1525 3516 quantumvis
1555 3406 1781 3511 exignum:

406 3543 509 3664 saepe
524 3543 635 3625 enirn
646 3557 802 3636 motum
817 3550 1034 3610 extenuare
1049 3549 1149 3634 opus
1165 3515 1235 3603 est.
1281 3521 1345 3602 Sic
1355 3521 1405 3598 »in
1426 3523 1642 3598 automatis
1662 3521 1783 3600 horas

404 3651 680 3750 indicantibus
699 3651 735 3730 vi
751 3645 907 3729 laminae
922 3635 1089 3721 clasticae
1112 3631 1305 3745 longioris
1319 3638 1361 3714 in
1382 3629 1524 3746 spiram
1538 3621 1782 3732 convoluta,

405 3777 460 3869 *ad
484 3793 660 3858 rotarum
685 3757 931 3846 celeritatem
955 3779 1024 3836 aut
1051 3751 1279 3833 tarditatem
1299 3747 1590 3858 ¹moderandam
1623 3733 1785 3862 oportet

370 3887 372 3890 ⁵
407 3892 537 4014 ipsum
556 3883 746 3968 elaterem
760 3864 893 3958 modi)
918 3865 1131 3986 intendere
1148 3927 1160 3962 ,
1177 3847 1525 3980 modd·remittere
1543 3900 1552 3946 ι
1571 3861 1672 3972 quia
1686 3863 1785 3948 verri

407 4019 454 4122 in
469 3995 702 4115 vulgaribus
720 3986 938 4098 horologiis
951 3981 995 4112 id
1007 3981 1215 4097 perficitur
1226 3977 1516 4063 convolutione
1528 4007 1626 4060 rorae
1642 3981 1788 4064 denta-

406 4157 460 4214 ιω
481 4122 619 4232 (cujus
633 4111 697 4196 axi
714 4105 905 4188 intimum
924 4095 1032 4216 spirae
1048 4093 1220 4210 clasticau
1245 4123 1367 4208 caput
1387 4083 1649 4194 adneditur}
1663 4125 1791 4212 arque

409 4235 626 4330 rie-lamina
644 4251 715 4340 per
729 4223 812 4320 vim
830 4216 1068 4330 complicata
1085 4208 1122 4294 se
1148 4215 1191 4292 in
1217 4207 1409 4296 laxiorem
1429 4205 1574 4324 spiram
1592 4211 1790 4308 restituar,

382 4355 384 4359 ’
408 4355 526 4446 axem
543 4342 671 4462 ipsum
687 4337 727 4422 δι
741 4333 1094 4452 rotam'dentatam
1113 4323 1370 4424 revolvenda,
1384 4323 1564 4439 obliquis
1578 4355 1677 4410 rotae
1690 4325 1790 4443 ejus·

277 4571 281 4578 ⁸
411 4456 508 4562 ‘dem
521 4455 737 4549 dentibus,‚²
749 4478 830 4566 qua
851 4475 963 4564 parte
982 4447 1079 4529 redii
1094 4437 1414 4556 sunt‚objicitur
1428 4439 1591 4553 virgula
1603 4443 1791 4537 elastica)
1885 4437 1886 4440 ‘

370 4601 371 4605 ‘
411 4575 461 4708 yit
476 4561 691 4670 minimrim
713 4569 880 4655 dentem
909 4591 1037 4652 unuin
1058 4584 1295 4674 promovere
1311 4585 1382 4642 aut
1402 4556 1615 4644 retrahere
1634 4553 1793 4644 necesse
1885 4549 1886 4552 ‘

662 4711 704 4736 ¹*
1011 4707 1025 4722 '
1270 4701 1274 4710 ’
1719 4673 1790 4758 est.
