3818 5264
497 212 1274 367 Liberstcundus.ca1›ur11.
1464 272 1556 372 ¹41
1614 361 1618 368 .

186 381 418 503 prehendet
432 405 577 492 corpus
589 379 698 465 idem
710 387 838 495 magis
850 411 1076 499 repugnare
1087 383 1232 484 motui,
1248 389 1276 473 st
1294 387 1462 480 celeribs
1473 425 1561 480 rno-

185 499 370 586 vendum
383 493 601 615 srt,minlrs
619 491 746 598 verb,
766 499 794 582 st
814 497 965 586 tardibs
988 538 998 584 ε
1027 503 1081 588 sic
1103 503 1240 588 ferreae
1258 503 1359 590 ansae
1377 507 1559 595 cubiculi

185 615 290 700 ostio
308 613 446 698 infixae
462 639 694 722 magnetem
712 644 911 700 armatum
930 615 1130 732 applicui,
1149 627 1191 704 δι
1215 621 1412 734 siquidem
1432 620 1562 740 paulb

178 729 368 818 'velocihs
381 755 617 840 magnetem
629 731 854 830 traherem,
872 733 1181 848 disjungebatur
1192 734 1243 820 ab
1262 741 1358 820 ansrl
1380 773 1396 832 ς
1412 769 1454 823 at
1466 740 1565 844 len-r

182 847 264 934 tibs
284 845 516 936 trahentem
538 839 854 960 subsequebatur
873 846 1051 948 ostium,
1075 857 1278 964 magnetis
1301 850 1453 940 scilicet
1475 859 1568 942 vim'
1756 841 1757 844 l

183 985 271 1048 non
289 959 500 1076 superaus,
517 959 787 1045 ubilenthres
804 964 1088 1078 peragebatur.
1497 984 1500 990 ’
1632 966 1637 972 ’

244 1083 313 1166 An
338 1107 422 1160 non
440 1081 582 1173 oneri,
607 1067 718 1189 quod
736 1085 918 1192 potentia
940 1109 1020 1192 prat
1044 1079 1102 1180 sui
1123 1087 1319 1170 tenuitate
1335 1085 1558 1202 propellere

186 1227 273 1282 non
291 1186 400 1308 posse
413 1191 598 1289 videtur,
614 1221 768 1292 motus,
788 1199 860 1308 qui
876 1203 1093 1282 momentis
1108 1197 1274 1312 singulis
1296 1198 1450 1286 sensum
1466 1234 1560 1288 om·

188 1319 284 1399 nem
301 1309 455 1420 fugiat,
475 1307 681 1390 conciliari
700 1309 851 1422 potest,
867 1307 972 1396 adeb
986 1339 1052 1412 ut,
1066 1311 1173 1396 stilla
1188 1317 1359 1429 quidem
1371 1318 1557 1404 constan-

188 1459 251 1512 ter
267 1451 429 1536 urgeat,
443 1419 574 1536 elapso
587 1422 754 1509 dernbm
767 1422 894 1538 longo
912 1433 1102 1541 temporis
1119 1431 1330 1514 intervallo
1343 1460 1554 1549 appareat?

190 1549 255 1628 Sic
268 1537 577 1626 incumbentem
586 1537 748 1650 glebam
758 1546 998 1626 tenerrimus
1020 1540 1218 1628 nascentis
1231 1545 1358 1660 frugis
1377 1533 1560 1634 caulicu-

186 1659 249 1745 lus
264 1655 429 1742 tandem
444 1651 632 1750 discutit,¹
645 1656 844 1740 durillima
860 1687 1058 1740 marmora
1068 1655 1252 1744 scindens
1267 1661 1480 1776 caprificus
1497 1663 1555 1747 lo-

187 1808 238 1860 co
252 1799 415 1863 movet3
435 1770 658 1856 &aedificia
668 1767 899 1870 subsedisse,
914 1803 961 1858 ac
976 1773 1218 1887 inaeqtrabile
1236 1772 1361 1860 solum
1376 1773 1557 1890 preffiffe,

187 1897 297 1976 rimae
320 1885 487 1972 dembm
511 1885 747 2000 loquuntur.
795 1890 902 1970 Tota
925 1892 1050 1998 igitur
1066 1897 1266 2002 corporis,
1285 1893 1397 2005 quod
1413 1923 1557 2007 praetet

184 2034 381 2092 naturam
398 2005 647 2086 movendum
668 2001 749 2099 est,
770 2009 1038 2116 repugnantia
1052 2007 1257 2090 metienda
1279 2007 1339 2096 est
1360 2069 1372 2105 ,
1411 2005 1489 2123 qud
1505 2037 1557 2094 ex

184 2124 389 2240 principio
400 2115 483 2233 ipso
496 2146 653 2200 motum
665 2117 934 2217 detrectante,
949 2115 1027 2232 qual
1039 2149 1091 2202 ex
1109 2117 1242 2204 motlrs
1257 2121 1474 2221 celeritate,
1486 2153 1558 2206 aut

185 2239 374 2322 tarditate
388 2269 397 2314 ι
410 2231 515 2320 adeb
532 2261 576 2317 ut
592 2262 665 2348 pro
678 2227 784 2320 varii
793 2235 943 2318 horum
956 2239 1212 2323 connexione
1223 2234 1353 2351 dispar
1362 2239 1558 2326 movendi

184 2349 403 2440 difficultas
418 2355 581 2432 oriatur.
850 2405 855 2412 -
1069 2421 1071 2426 ,
1258 2412 1261 2423 .

244 2473 306 2553 Ex
321 2495 404 2580 quo
419 2465 465 2548 fit
477 2469 631 2580 impetu
639 2463 785 2550 eodem
798 2469 951 2551 moveri
968 2463 1134 2554 celerilts
1148 2461 1256 2584 poss‘e
1277 2467 1558 2585 corpus,quod

182 2587 388 2674 minorem
406 2578 511 2664 subit
524 2581 782 2680 violentiam,
813 2582 964 2667 tardibs
975 2579 1074 2666 verb
1091 2645 1102 2681 ,
1125 2588 1265 2670 cuivis
1282 2591 1409 2700 major
1429 2585 1556 2670 infer-

184 2728 274 2798 tur,
298 2708 367 2795 &,
387 2697 574 2781 sreadem
585 2696 633 2779 stt
651 2695 859 2811 reciproce
875 2700 998 2783 Ratio
1009 2699 1204 2788 tarditatis
1214 2700 1266 2784 ad
1286 2701 1563 2812 velocitatem,

182 2845 275 2932 quat
293 2811 353 2896 est
367 2816 532 2896 minoris
549 2811 749 2898 violentia
769 2814 821 2898 ad
840 2815 1034 2924 majorem
1045 2813 1302 2913 violentiam,
1315 2841 1454 2926 parem
1467 2813 1555 2898 fore

183 2931 405 3042 utrobique
420 2927 914 3026 movendrdifficultatem,
927 2927 1022 3013 ciam
1032 2957 1104 3043 par
1116 2928 1164 3012 stt
1177 2933 1456 3043 repugnantia,
1466 2957 1556 3041 quae
1674 3019 1686 3042 ,

183 3045 383 3132 exmoths
397 3042 484 3129 tiam
495 3041 624 3156 specie
637 3041 745 3140 ,tlun
755 3046 983 3128 intentione
999 3049 1271 3158 componitur.
1296 3047 1338 3128 Si
1349 3048 1459 3128 enim
1468 3073 1557 3128 mo-

184 3163 245 3248 les
256 3157 390 3276 aliqud
408 3161 516 3242 tanti
526 3165 567 3244 vi
588 3187 786 3271 raptetur,
798 3185 866 3256 ut,
880 3187 963 3271 quo
975 3186 1155 3271 tempore
1164 3159 1305 3244 decies·
1316 3164 1459 3246 arteria
1467 3156 1557 3272 pul·

186 3273 277 3364 sum
293 3277 401 3374 edit,
424 3268 575 3386 pallum
602 3303 730 3358 unum
750 3273 967 3366 conficiam
986 3302 1184 3386 quantum
1207 3277 1355 3356 virium
1372 3273 1558 3360 adhiberi

184 3419 396 3508 oporteat,
414 3403 463 3472 ut'
479 3388 641 3506 paribus
655 3393 845 3502 temporis
860 3392 1077 3472 momentis
1097 3391 1148 3474 ad
1174 3417 1254 3472 tres
1270 3383 1398 3502 passus
1414 3391 1557 3474 eadem
1678 3491 1684 3503 Ι

185 3507 314 3592 moles
333 3533 618 3622 promoveatur
638 3531 650 3589 r
672 3502 1032 3618 utique,s1cetera
1050 3507 1187 3588 omnia
1204 3510 1313 3618 paria
1325 3504 1421 3604 lint,
1437 3502 1559 3618 triplo

186 3626 384 3739 majorem
406 3648 596 3704 conatum
617 3619 899 3705 adhibendum
921 3619 1144 3717 concedes,
1164 3618 1387 3704 intensione
1411 3649 1558 3704 exten·

184 3739 342 3824 fiunem
360 3733 642 3850 compensante
656 3771 666 3818 r
681 3765 776 3820 nam
786 3735 1130 3848 quemadmodum
1141 3733 1289 3820 iteriun
1300 3765 1347 3820 ac
1362 3730 1485 3820 tertib
1495 3763 1559 3820 re·

183 3853 388 3973 petendus
405 3847 732 3965 fuiffetpriorille
744 3879 912 3936 conatus
924 3851 975 3934 ad
986 3849 1139 3964 aequale
1151 3847 1303 3966 semper
1316 3839 1483 3967 spaiirun
1491 3877 1559 3962 pa-

184 3979 221 4054 ri
242 3969 438 4074 tarditate
444 3968 765 4081 percurrendum
782 4001 795 4062 3
815 3973 871 4050 ita
888 3971 1069 4082 quamvis
1094 3971 1258 4050 conatui
1280 3993 1447 4050 conatus
1470 3993 1559 4049 non

185 4083 397 4180 succedat,
411 4081 565 4197 triplici
579 4111 715 4167 tamen
736 4110 885 4168 conatu
908 4111 1010 4198 opus
1025 4086 1130 4181 erit,
1147 4110 1194 4166 ut
1211 4109 1390 4193 tempore
1409 4081 1558 4165 eodem

184 4228 320 4288 motus
332 4197 399 4282 ille
412 4197 531 4312 triplo
546 4203 674 4314 major
692 4199 934 4312 perficiatur.
963 4195 1121 4282 Nonne
1146 4209 1188 4286 δι
1210 4194 1394 4308 agricolae
1411 4222 1559 4280 terram

184 4313 421 4426 subigentes
429 4312 592 4401 foffione
607 4313 838 4426 glebarum,
849 4341 931 4398 tam
939 4311 1183 4426 multiplices
1193 4308 1392 4395 adhibent
1402 4339 1559 4425 operar,

181 4429 311 4549 quam
325 4429 500 4514 breviori
513 4457 694 4544 tempore
715 4457 816 4544 opus
831 4427 1035 4516 absolvere
1049 4430 1297 4512 meditantur
1317 4453 1330 4511 r
1353 4421 1416 4510 Ed
1431 4429 1563 4538 igitur

181 4551 314 4660 magis
327 4543 626 4662 resistitcorpus
643 4550 795 4646 motui,
813 4539 899 4658 qud
913 4541 1082 4628 celeriias
1099 4541 1341 4655 agitandum
1353 4539 1441 4640 esta
1457 4569 1560 4626 cou-

184 4660 246 4752 σὲ
259 4655 364 4752 verb
384 4657 520 4754 mnus
535 4689 756 4779 repugnat,
776 4657 863 4782 qud
883 4657 1049 4752 tardius.
1180 4775 1208 4862 S

1108 4856 1126 4893 k
