3794 5266
382 247 536 380 Liber
552 285 779 424 quartus.
823 273 1037 424 CAPuT
1066 265 1287 394 xvm.
1408 295 1517 436 '4⁸¹

142 439 192 518 ὃ(
210 431 274 530 C,
296 425 473 534 siminus
486 430 533 513 fit
546 427 807 516 intervallum
831 435 936 517 inter
962 440 997 518 K
1023 443 1066 524 ὃ(
1094 468 1282 529 centrum
1305 445 1547 558 gravitatis(

148 543 275 662 quim
296 545 403 630 inter
431 547 466 626 K
493 555 533 633 δι
549 543 964 662 hypomochliumC,
986 553 1215 664 cujufinodi
1233 555 1353 661 elset,
1382 565 1526 652 ficen-
1575 592 1578 600 ’

145 687 257 747 trum
265 658 584 776 gravitatiselset
596 665 696 746 citra
715 663 748 744 L
767 663 904 752 versits
923 667 985 767 K',
1003 677 1045 754 ὃ(
1060 665 1156 754 esset
1168 679 1292 760 veiiis
1306 681 1528 767 curvusse-

143 779 274 864 eundi
303 763 478 892 generis'
519 776 653 900 Qud
677 777 706 862 st
730 786 859 891 magis
888 781 1009 870 distat
1047 814 1235 874 centrum
1264 799 1471 902 gravitatis
1502 795 1527 882 ὲ

142 901 299 1010 puncio
315 899 373 991 K,
388 890 512 1009 quim
525 893 576 981 ab
593 895 739 1008 eodem
753 899 906 1009 poncio
920 905 959 984 K
974 898 1096 986 distet
1107 907 1306 1018 punsium
1319 910 1357 993 C
1372 967 1383 1008 ,
1401 915 1526 998 veuit
1662 979 1675 1010 ,

141 1009 204 1096 est
223 1039 370 1096 curvus
389 1015 507 1126 primi
520 1005 690 1122 generis.
713 1010 835 1129 -Qid
848 1041 1008 1116 autem,
1021 1013 1171 1134 inquis,
1186 1021 1215 1104 st
1232 1027 1522 1138 pariinterv'al-
1579 1017 1583 1028 ’

139 1127 184 1212 lo
196 1125 317 1212 distet
334 1131 533 1242 punstum
550 1121 788 1240 Ktlpuniio
806 1130 1004 1248 C,atque
1019 1129 1193 1218 icentto
1203 1143 1409 1251 gravitatis
1423 1168 1436 1228 a
1452 1173 1523 1228 cu-

134 1241 314 1358 jusmodi
334 1247 492 1355 generis
505 1241 629 1328 vestis
642 1245 718 1326 erit
731 1267 743 1327 t
756 1247 948 1358 primi-ne
960 1272 973 1332 t
986 1278 1040 1348 an
1054 1247 1247 1338 secundi?

200 1356 443 1474 Respondet)
459 1361 501 1442 in
517 1363 632 1444 veile
646 1360 726 1463 hoc
738 1389 888 1458 curvo,
907 1363 1162 1476 cujus'alcera
1180 1373 1414 1456 extremitas
1428 1401 1519 1458 ma·

138 1505 235 1573 net,
253 1485 294 1561 &
309 1475 468 1588 pondus
487 1501 571 1559 non
591 1473 643 1560 ad
661 1473 1027 1589 perpendiculum,
1052 1509 1187 1596 neque
1207 1476 1326 1568 motu
1345 1491 1454 1571 reuo
1472 1495 1519 1576 in·
1617 1479 1621 1496 ’

138 1593 266 1709 plano
279 1587 485 1689 verticuli,
503 1587 571 1688 sed
583 1590 844 1676 conversione
856 1591 1051 1694 elevatur,
1067 1597 1316 1686 attendenda
1332 1597 1411 1688 effe
1427 1605 1516 1719 pla-
1606 1641 1615 1666 ²

139 1739 219 1808 na,
235 1705 443 1822 inquibus
458 1705 546 1792 tiun
558 1708 761 1822 potentia,
783 1703 872 1791 tiam
883 1709 1042 1821 pondus
1061 1711 1263 1827 propriam
1282 1719 1515 1804 conversio-

136 1853 239 1908 nem
250 1823 489 1938 perficiunt3
503 1821 566 1906 his
582 1849 719 1908 autem
732 1817 862 1935 planis
873 1821 1108 1936 parallelum
1122 1839 1239 1912 conci
1244 1827 1296 1944 pe'
1310 1829 1421 1919 aliud
1431 1833 1520 1948 pla·

135 1969 242 2024 num
253 2001 265 2039 ,
276 1938 387 2054 quod
399 1967 472 2054 per
484 1942 781 2024 extremitatem
799 1939 1083 2030 Cmanentetn
1094 1943 1287 2043 transeat,
1306 1949 1417 2059 quod
1432 1949 1522 2063 pla.

138 2056 281 2140 numli
302 2057 557 2165 interjeuum
569 2055 691 2142 fuerit
705 2056 812 2137 inter
826 2049 894 2137 illa
906 2053 1026 2167 plana
1041 2057 1374 2158 conversionum,
1392 2065 1522 2151 vestis
1546 2081 1548 2086 ’
1590 2143 1597 2148 .

134 2176 218 2258 erit
233 2175 350 2286 primi
364 2171 547 2286 generis,
566 2173 664 2286 quia
676 2169 1087 2282 hypomochliumcst
1106 2178 1211 2258 inter
1230 2181 1452 2290 potentiam
1474 2194 1521 2270 δι

136 2291 322 2404 ponderet
338 2286 396 2370 lin
409 2314 546 2372 autem
559 2285 640 2371 hoc
651 2311 879 2369 extremum.
886 2282 1032 2384 fuerit,
1047 2296 1088 2374 δι
1101 2289 1284 2376 medium
1296 2289 1433 2380 locum
1443 2295 1516 2383 ob-

132 2409 267 2490 tineat
281 2403 480 2520 pla'num,
508 2407 551 2485 in
572 2431 656 2518 quo
669 2401 918 2490 convertitur
937 2427 1124 2487 centrum
1141 2411 1369 2518 gravitatis,
1392 2415 1517 2501 veuit

131 2523 214 2608 erit
232 2517 396 2605 secundi
415 2520 587 2634 generis.
795 2615 797 2620 ¹

196 2637 317 2726 Faeia
335 2633 502 2722 demiun
523 2631 787 2718 conversione
808 2635 892 2728 ita,
915 2658 967 2715 sut
989 2629 1311 2721 transversarium
1331 2639 1515 2754 ligneum

133 2753 379 2872 pesttionem
399 2749 550 2835 habeat
577 2746 873 2834 horizontalem
893 2807 906 2844 ,
929 2757 973 2832 &
997 2775 1215 2865 utrumque
1235 2752 1447 2845 brachium
1467 2767 1514 2848 in

134 2869 285 2956 eodem
303 2867 350 2950 stt
362 2863 485 2980 plano
499 2862 704 2958 verticalis
720 2865 817 2979 quia
828 2860 986 2947 facilius
999 2861 1179 2948 elevatur
1199 2869 1235 2949 K
1255 2869 1378 2982 quaint
1399 2883 1451 2974 B‘,
1467 2887 1510 2966 &

135 2980 462 3072 transversarium
486 2979 569 3065 HI
606 2977 768 3090 longius
799 2979 996 3087 majorem
1021 2978 1146 3065 habet
1168 2985 1251 3066 vim
1275 2982 1510 3092 sustinendi,

135 3097 263 3220 quim
281 3093 604 3182 transversarium
621 3099 692 3182 EF
712 3095 891 3192 brevius,
906 3093 1075 3179 hincest
1087 3096 1299 3182 brachium
1321 3101 1510 3192 ACnia.

135 3225 201 3330 gis
214 3212 397 3300 inclinari
408 3212 466 3298 ad
481 3209 699 3324 subjesium
710 3215 829 3294 maris
850 3208 1017 3324 planum
1029 3211 1302 3315 horizontale,
1324 3248 1373 3302 ac
1385 3249 1511 3338 prop·
1544 3243 1556 3330 .‘

133 3361 247 3418 terea
265 3334 386 3414 etiam
407 3325 576 3415 validius
592 3336 635 3412 in
648 3355 812 3412 arenam
831 3323 975 3440 infigi,
996 3327 1160 3446 quando
1178 3322 1204 3410 a
1221 3337 1314 3417 navi
1337 3343 1511 3424 trahitur

129 3449 326 3536 anchora.
1167 3469 1174 3480 '

1245 3716 1481 3738 m*

487 3833 835 3995 cauus
913 3829 1163 4000 xvun
1259 3837 1399 3976 :²

386 4180 566 4295 Plures
593 4185 752 4298 Vesiis
780 4176 895 4334 usus
919 4215 1249 4341 exponuntur.

242 4487 333 4577 Uod
352 4483 551 4600 superiore
566 4487 671 4574 libro
683 4483 935 4602 praestitimus
949 4485 1058 4574 librat
1078 4515 1201 4601 atque
1223 4481 1373 4569 staterae
1389 4487 1521 4582 usum*

241 4607 535 4704 extendentes,
556 4613 599 4690 &
620 4603 692 4691 hle
709 4602 893 4716 praestare
913 4633 1044 4718 operat
1064 4605 1239 4722 pretium
1255 4601 1401 4703 fuerit,
1415 4637 1504 4697 tum

125 4751 174 4807 ut
187 4727 311 4810 vetris
324 4747 528 4808 naturacx
546 4717 724 4810 uberiori
737 4717 914 4836 utilitate
924 4717 1168 4817 innotescat,
1190 4725 1334 4806 ternuc
1347 4719 1504 4812 saxali·
1532 4811 1535 4818 ,

1132 4837 1244 4958 Pu>

1004 4951 1015 4992 i
