3834 5272
206 182 210 191 '
291 149 300 164 “
387 205 491 323 314
732 203 786 270 'r
820 135 1275 292 *Meffddmfcvm
1310 229 1315 243 ·
1520 142 1535 269 ἶ

375 330 435 416 est
462 324 484 409 2‘
491 355 507 433 5
525 383 536 422 ,
557 340 680 446 atque
690 277 797 400 aded
812 288 918 424 aqua
930 306 983 390 ad
996 301 1169 392 solidum
1182 301 1243 388 cst
1263 329 1310 388 ut
1329 332 1376 412 25
1394 302 1512 392 adzo
1533 301 1754 399 secuudum

377 440 586 558 gravitatis
605 437 791 548 rpeciem.
904 496 909 506 .
1216 529 1219 542 ,

436 545 630 642 Secundd
668 541 929 662 comparandi
969 541 1046 626 iint
1087 537 1323 634 humores,
1367 565 1458 622 uter
1500 539 1663 650 gravior
1699 542 1757 626 iit.

377 677 494 763 Idem
527 665 698 754 solidum
730 665 776 766 H
814 688 920 746 notae
951 660 1160 774 gravitatis
1189 653 1235 738 in
1270 666 1363 738 a‘e're
1401 683 1495 740 unc.
1519 687 1608 754 20,
1641 661 1758 772 quod
1879 655 1880 720 ἶ

376 789 501 909 priori
525 813 640 900 aquae
664 774 895 866 immersum
917 769 1149 890 requirebat
1177 775 1221 854 in
1244 767 1375 854 lance'
1389 771 1433 852 D
1461 776 1603 856 uncias
1621 806 1640 882 5
1657 778 1757 873 ,im-

378 927 585 1016 mergatur
612 897 761 984 eodem
788 891 913 980 modo
941 887 1057 974 alteri
1086 917 1233 1004 aquae,
1260 890 1355 984 ita,
1389 912 1435 970 ut
1461 891 1505 970 in
1532 887 1652 980 lance
1684 889 1759 984 sint

288 1007 293 1020 ’
380 1052 474 1116 unc.
488 1049 528 1126 4.
555 1015 759 1102 drachma:
791 1041 845 1120 5¹:
866 1009 991 1120 igitur
1024 999 1138 1091 solidi
1167 1005 1355 1120 gravitati
1384 1005 1428 1086 in
1456 1015 1550 1088 adro
1579 1035 1675 1088 unc.
1694 1043 1758 1094 20.

359 1117 582 1230 'addantur
610 1161 704 1216 unc.
722 1153 771 1231 =4.
800 1123 940 1211 drach.
961 1119 1011 1232 5.
1049 1133 1091 1208 &
1117 1125 1196 1206 erit
1220 1147 1341 1231 aquae·
1363 1115 1584 1206 secundum
1610 1121 1759 1210 molem

382 1247 545 1368 aequalis
562 1245 750 1364 specifica
768 1244 1055 1362 gravitatum.
1072 1240 1188 1346 ηιξ-5
1211 1235 1306 1322 Ιιῖκό
1325 1263 1425 1348 ergo
1443 1233 1640 1350 posterior
1656 1268 1759 1354 aqua
1880 1290 1881 1328 2

375 1373 434 1462 'a'd
459 1377 637 1489 priorem
664 1373 689 1458 a
718 1401 812 1459 uam
842 1365 902 1450 est
926 1395 973 1454 ut
995 1398 1073 1474 197
1093 1369 1145 1454 ad
1169 1403 1265 1457 200.

414 1494 418 1503 ’
452 1485 612 1580 Tertid.
658 1403 773 1578 odota
802 1479 918 1572 solidi
953 1481 1176 1572 secundum
1215 1481 1391 1598 speciem
1417 1487 1615 1597 gravitate
1643 1517 1756 1574 com·
1880 1567 1881 1576 ι

382 1601 519 1726 paratd
535 1637 632 1695 cum
658 1607 855 1718 gravitate
868 1597 1275 1716 specificdhumorir,
1295 1599 1539 1715 cog-noscere
1557 1599 1759 1716 poffumus

382 1721 547 1834 alterius
572 1721 690 1808 molis
711 1717 892 1828 ejusdem
916 1711 1062 1832 speciei
1078 1722 1317 1832 gravitatem
1337 1722 1381 1802 in
1400 1731 1505 1804 adre.
1545 1722 1605 1804 Sit
1618 1725 1785 1832 cogni-⁸

385 1871 426 1926 ta
454 1841 581 1924 Ratio
606 1841 850 1950 gravitatum
878 1828 1101 1954 setundiun
1124 1830 1299 1949 speciem
1328 1859 1375 1918 ut
1396 1868 1427 1940 4
1446 1834 1499 1918 ad
1526 1867 1561 1944 5.
1605 1837 1760 1953 Requi.

372 1959 559 2052 ,raturin
585 1953 770 2048 lanced)
797 1949 958 2067 pondus
984 1979 1079 2034 unc.
1107 1959 1129 2035 8
1154 2013 1167 2050 ,
1196 1979 1242 2039 ut
1260 1947 1367 2036 infrd
1390 1978 1539 2065 aquam
1559 1951 1761 2066 ,deprima-

385 2100 451 2158 tur
473 2068 656 2156 solidum.
704 2071 792 2156 Fiat
815 2091 862 2148 ut
888 2059 1122 2160 differentia
1144 2063 1424 2182 specificatum
1454 2071 1699 2180 gravitatum
1726 2103 1760 2172 1,

385 2187 436 2272 ad
462 2183 693 2302 specificam
711 2186 954 2295 gravitatem
976 2178 1091 2266 solidi
1114 2213 1172 2290 4,
1201 2181 1258 2266 ita
1276 2185 1407 2268 unciae
1429 2187 1480 2278 8,
1504 2183 1670 2268 adunc.
1687 2219 1757 2292 32:
1845 2280 1849 2292 ¹

385 2301 457 2389 Est
473 2329 573 2429 ergo
588 2297 760 2386 solidum
773 2303 817 2384 in
831 2309 925 2382 ae're
942 2300 1155 2384 unciarum
1177 2331 1250 2406 32,
1275 2309 1317 2386 ot
1332 2327 1447 2415 aquae
1459 2297 1585 2388 moles
1601 2301 1764 2416 aequalis

386 2449 478 2502 unc.
523 2455 572 2512 o.⁴
618 2500 625 2512 ,
918 2452 925 2460 ·
1452 2453 1464 2470 ι
1527 2451 1529 2458 ’
1636 2449 1640 2456 ’

445 2449 607 2618 Pldceat
625 2525 785 2618 fortaffe
806 2526 929 2638 alicui
955 2561 1040 2616 rem
1057 2530 1166 2620 hanc
1179 2531 1296 2618 aliter
1308 2527 1517 2646 perficere.
1534 2547 1538 2554 '
1559 2529 1691 2618 Libra:
1699 2535 1764 2648 ju·
1819 2565 1826 2572 ·

266 2665 270 2676 ‘
333 2669 351 2754 j
386 2678 486 2764 gum
513 2649 589 2738 EF
626 2652 684 2732 ita
714 2647 896 2750 firmetur
929 2647 975 2734 in
1010 2649 1092 2750 G,
1128 2675 1176 2734 ut
1207 2647 1321 2734 alteri
1344 2653 1589 2734 extremitati
1626 2651 1761 2736 Ead-
1882 2661 1883 2716 i

840 2791 843 2798 ’
1164 2793 1295 2848 nexus
1335 2761 1545 2876 funiculus
1577 2759 1766 2852 ascendat

1164 2877 1350 2966 orbiculo
1399 2882 1442 2966 X
1490 2881 1763 2968 circumvolu-

1165 3023 1259 3110 tus‘,
1285 3005 1329 3082 δε
1349 2993 1538 3111 appofitd
1562 2993 1679 3082 lance
1707 3003 1764 3100 D,

1165 3139 1290 3228 atque
1306 3115 1351 3194 in
1368 3115 1397 3197 F
1416 3107 1523 3224 *stylo
1537 3112 1764 3228 tricuspide,

1167 3232 1305 3312 omnia
1319 3225 1396 3310 fint
1411 3225 1683 3341 aequilibrata,
1699 3233 1765 3316 ad·

1028 3347 1031 3356 '
1168 3343 1472 3458 dito‚sropus
1492 3341 1767 3442 fuerit,.inF

1055 3552 1066 3581 .
1167 3459 1325 3577 plumbi
1344 3487 1552 3549 momento
1573 3494 1584 3542 ε
1606 3463 1767 3551 Pondus

938 3667 940 3670 ,
1018 3612 1033 3617 ·
1166 3581 1291 3669 eciam
1307 3573 1413 3660 lanei
1433 3575 1667 3694 impositum
1682 3575 1764 3664 sur-

1116 3703 1121 3722 ‘
1166 3689 1253 3781 sum
1277 3693 1440 3778 trahens
1458 3693 1490 3776 E
1508 3691 1700 3810 deprimit
1723 3703 1766 3796 F,

1169 3819 1213 3896 δι
1227 3813 1376 3924 pariter
1396 3805 1567 3908 solidum
1590 3807 1766 3928 subjetio

393 3921 559 4014 humori
574 3925 762 4012 innatans
777 3914 801 4010 ὲ
814 3917 917 4036 stylo
930 3921 1195 4040 deprimitur3
1213 3937 1256 4018 δι
1269 3927 1537 4036 immergitur.
1624 4003 1630 4016 ,

1395 4523 1397 4533 ’
1518 4511 1768 4610 Prorost
