3780 5270
374 205 474 348 538
733 266 736 275 v
859 173 1278 292 Mechanicorum

245 427 249 441 ‚
365 369 578 450 rimetrutn
591 351 691 438 Axis
710 347 788 436 BC
807 370 894 443 ut·4
912 343 964 428 ad
980 372 994 426 r
1012 343 1160 451 :igitur
1179 335 1327 424 limbus
1340 345 1522 458 tympani
1539 347 1582 430 O
1601 342 1736 430 [iem.

366 484 463 570 dem
473 469 622 560 liabeat
632 463 955 580 amplitudinem,
966 487 1090 574 quam
1104 455 1213 542 funis
1228 457 1310 541 DP
1327 487 1504 574 occupat
1517 463 1560 544 in
1572 458 1643 546 suo
1654 465 1740 546 Axe

368 593 471 691 BC,
492 586 626 702 capiet
647 580 706 667 sui
723 581 832 666 funis
849 575 968 691 spiras
991 577 1094 694 roi,
1118 601 1208 688 quae
1232 577 1277 656 in
1297 602 1421 660 unam
1442 569 1740 687 longitudinem

371 702 542 796 extensae
562 697 819 788 constituunt
829 691 1152 804 longitudinem,
1169 694 1259 802 quae'
1277 689 1328 774 ad
1349 689 1649 804 longitudinem
1666 690 1738 808 spi-

372 855 507 914 rarum
519 851 571 928 45
591 818 698 904 funis
711 817 795 897 DP
813 809 872 896 est
887 837 931 892 ut
946 817 1028 912 804
1039 807 1091 890 ad
1103 835 1172 914 45.
1204 806 1284 892 Sed
1302 810 1398 919 quia
1408 808 1625 918 longitudo
1638 808 1740 894 illius

350 939 483 1032 -funis
503 936 563 1020 est
589 927 804 1046 vigeeupla
821 924 1086 1037 longitudinis
1107 921 1214 1006 lunis
1231 924 1315 1006 DP
1332 982 1347 1020 ,
1366 923 1490 1008 debet
1508 919 1588 1008 else
1601 952 1647 1010 ut
1660 959 1740 1036 quo

337 1121 345 1140 t
370 1061 425 1146 a'd
440 1088 492 1164 45
506 1045 630 1146 ndeb
642 1049 779 1134 adhuc
793 1047 989 1152 majorem
998 1041 1127 1148 exigit
1139 1035 1511 1154 amplitudinem,ut
1526 1041 1666 1126 adhuc
1676 1039 1743 1156 spi·

374 1205 435 1260 ras
460 1203 514 1278 24
524 1195 594 1253 aut
613 1197 659 1274 ις
686 1162 798 1276 supra
811 1161 1007 1267 ducentas
1022 1154 1216 1240 obtineat.
1245 1155 1617 1272 QodsrAxisEF
1631 1154 1744 1242 subti.
1867 1181 1868 1230 ι

373 1291 451 1377 lior
466 1289 513 1370 srt
530 1278 654 1399 quim
673 1283 774 1364 Axis
792 1277 868 1358 BC
881 1281 947 1370 ,br
961 1273 1141 1384 tympani
1159 1273 1201 1356 O
1218 1271 1414 1354 diameter
1431 1271 1485 1358 ad
1499 1270 1556 1356 sui
1568 1277 1657 1356 axis
1672 1275 1744 1360 EF
1867 1265 1868 1330 ῑ

374 1409 616 1496 diametrum
634 1391 857 1512 quadrupla
879 1389 952 1484 sit,
969 1392 1051 1499 jam
1067 1389 1248 1501 tympani
1275 1383 1492 1499 periments
1506 1389 1560 1474 ad
1573 1391 1748 1504 perime.

376 1551 483 1606 trum
500 1513 600 1633 Axis
616 1514 695 1598 BC
715 1505 885 1594 habebit
909 1508 1119 1626 minorem·
1133 1500 1352 1590 Rationem
1370 1501 1495 1618 quim
1517 1535 1546 1610 4
1566 1505 1620 1588 ad
1644 1534 1686 1602 r,
1703 1534 1748 1588 ac

242 1663 245 1668 ·
376 1635 548 1755 proinde
566 1633 653 1743 ejus
667 1623 837 1710 limbum
853 1621 989 1706 adhuc
1002 1618 1238 1734 amphorem
1248 1617 1438 1706 constitui
1454 1613 1611 1704 necesse
1621 1618 1693 1704 est.

392 1811 398 1820 .
435 1757 576 1870 Qare
592 1745 734 1828 srAxis
750 1741 830 1824 BC
846 1739 1043 1822 diameter
1061 1735 1107 1848 srt
1123 1733 1331 1849 palmaris,
1347 1731 1456 1849 spire
1465 1767 1519 1845 45
1535 1733 1646 1821 funis
1666 1739 1749 1820 Dl‘
1868 1730 1869 1784 l

378 1865 588 1954 convoluti
598 1854 817 1944 elevabunt
830 1852 988 1967 pondus
1005 1852 1096 1934 Pad
1113 1850 1370 1936 altitudinem
1386 1851 1614 1966 palmorum
1631 1849 1752 1936 circi·

379 2015 440 2070 ter
456 2009 543 2080 141,
554 2001 706 2091 quanta
724 1960 1024 2055 nimirumeffet
1038 1965 1159 2082 ipsius
1171 1964 1748 2080 sunisconvolutilongitudo:

378 2101 490 2191 funis
507 2101 613 2178 circa
626 2116 866 2204 tympanum
883 2075 1257 2191 Alongitudoesset
1266 2077 1491 2196 palmorum
1506 2079 1751 2194 saltem705,

380 2227 424 2307 &
442 2214 550 2298 funis
575 2206 682 2294 circa
698 2229 937 2318 tympanum
955 2202 996 2282 O
1011 2196 1227 2310 longitudo
1242 2196 1466 2312 palmorum
1484 2207 1608 2284 2820.
1638 2198 1750 2286 Hinc

382 2325 568 2445 quamvis
587 2350 729 2438 praeter
761 2321 938 2432 primum
955 2318 1090 2399 Axem
1111 2316 1187 2400 BC
1217 2319 1331 2396 oneri
1351 2309 1584 2400 sustinendo
1603 2344 1755 2430 parem,

381 2445 528 2558 reliqui
544 2434 837 2553 consequentes
849 2438 959 2516 Axes
972 2432 1004 2512 E
1015 2435 1059 2536 F,
1071 2441 1112 2518 δι
1129 2431 1239 2526 GH,
1256 2439 1298 2516 δι
1313 2430 1338 2512 fi
1351 2427 1499 2544 quialij
1513 2433 1652 2517 adhuc
1669 2435 1755 2528 fint,

382 2562 526 2676 possint
543 2561 586 2640 in
600 2558 801 2654 minorem
819 2543 1060 2648 soliditatem
1075 2548 1308 2640 extenuati5
1325 2536 1353 2628 sr
1365 2545 1555 2658 ponderis
1571 2547 1752 2633 resisten-

384 2671 706 2764 tiaattendatur,
722 2668 819 2780 quia
830 2692 987 2760 tamen,
1005 2657 1091 2778 qub
1106 2658 1328 2746 subtiliores
1344 2657 1458 2760 sunt,
1473 2659 1753 2778 frequentiori.

385 2789 460 2878 bus
471 2793 594 2874 etiam
604 2781 715 2899 spiris
725 2779 1170 2893 circumplicantur,ex
1190 2806 1272 2891 quo
1295 2776 1398 2860 fitut
1418 2773 1755 2894 pluresspiramm

384 2904 547 2992 ordines
560 2902 659 2986 fiant
671 2959 681 2996 ‚
695 2898 880 3008 adeoque
898 2896 996 2978 Axis
1012 2895 1209 2978 diameter
1222 2895 1339 2978 ausin
1355 2897 1513 2978 mutuat
1531 2925 1754 2980 momento
1869 2909 1870 2942 ³

381 3051 476 3106 rum
484 3021 723 3106 Rationemr
736 3011 893 3125 praestat
910 3008 1036 3093 exiles
1050 3012 1159 3094 Axes
1173 3039 1257 3092 non
1269 3007 1447 3116 studiose
1463 3039 1669 3124 quarere,
1686 3010 1753 3094 nisi

248 3185 251 3198 ·
385 3133 492 3224 sorte
515 3131 717 3220 necessitas
733 3123 925 3241 aliquaiis
939 3129 1000 3208 uti
1019 3119 1191 3208 suadeat.
1241 3129 1503 3241 Qatnquam
1523 3127 1678 3212 &huic
1694 3124 1753 3210 in.

387 3250 603 3338 commodo
624 3242 783 3330 occurri
809 3240 963 3358 potest,
985 3241 1015 3324 fi
1037 3301 1049 3340 ,
1072 3240 1416 3352 quemadmodum
1440 3266 1485 3324 tn
1506 3243 1665 3354 Ergatae
1689 3237 1754 3326 usu

386 3369 529 3457 sunem
547 3366 686 3479 paucis
701 3357 856 3471 aliquot
873 3355 982 3470 spiris
998 3357 1344 3453 circumdustum,
1362 3357 1461 3440 durn
1479 3357 1753 3442 inconverso-

387 3514 441 3570 ne
456 3478 678 3576 evolvitur,
695 3504 795 3591 puer
808 3471 1061 3583 agglomerat
1074 3533 1086 3571 ‚
1100 3468 1157 3554 ita
1167 3475 1288 3554 etiam
1304 3469 1374 3554 hle
1388 3470 1532 3556 funem
1545 3501 1753 3587 tympano·

388 3629 480 3683 rum
493 3603 530 3682 A
544 3597 639 3682 &O
653 3617 827 3704 quatuor
838 3615 908 3670 aut
921 3591 1105 3702 quinque
1127 3583 1238 3702 spiris
1253 3591 1360 3672 circa
1375 3589 1532 3672 AxesE
1552 3599 1591 3674 bt
1604 3591 1652 3672 H
1666 3617 1754 3671 con-

161 3725 164 3734 ’
262 3714 270 3732 ’
388 3714 574 3802 volutum
584 3737 684 3826 puer
701 3703 935 3816 colligeretr
955 3703 1038 3788 hoc
1057 3708 1168 3788 enim
1187 3706 1304 3816 patilo
1321 3731 1405 3784 non
1421 3701 1700 3816 contingeret,
1716 3729 1757 3786 ut

387 3835 565 3946 primum
582 3825 774 3942 spirarum
793 3820 978 3906 ordinem
998 3817 1099 3904 alter
1120 3816 1315 3933 spiratum
1341 3817 1441 3904 ordo
1458 3813 1758 3936 superinducitis

390 3953 545 4032 circum
573 3943 798 4027 lesteretur.

445 3970 577 4146 Porri
595 4085 647 4142 ne
664 4079 818 4138 tantam
836 4049 998 4138 sunium
1010 4056 1095 4138 vim
1119 4080 1357 4170 comparare
1370 4077 1594 4168 cogamur,
1613 4061 1657 4138 &
1677 4079 1758 4136 am.

388 4155 654 4296 pliorelimbo
664 4197 854 4286 tympana
869 4167 1217 4267 circumscribere,
1231 4167 1342 4260 haud
1353 4165 1448 4256 sane
1464 4175 1651 4284 ineptum
1669 4197 1760 4252 cen·
1832 4211 1836 4219 ·

390 4295 529 4392 serem,
543 4291 569 4373 st
584 4320 656 4405 pro
666 4315 810 4372 eorum
822 4313 948 4384 more,
960 4291 1031 4402 qui
1045 4282 1431 4370 novaculasobtusas'
1441 4311 1659 4381 utriunque
1670 4279 1761 4366 aliis

390 4407 531 4504 innui,
546 4405 654 4492 'sums
670 4401 716 4486 in
733 4397 809 4486 sese
822 4399 980 4486 rediens
994 4397 1075 4486 uni
1085 4428 1157 4486 aut
1172 4398 1296 4486 altera
1315 4405 1409 4498 (aut
1426 4407 1550 4486 etiam
1562 4395 1760 4516 triplicis}

388 4521 649 4642 opusfnerit)
670 4511 767 4638 spiri
779 4514 867 4604 tiam
879 4523 1032 4618 Axem,
1045 4545 1134 4602 tum
1150 4513 1368 4626 subjeetum
1387 4545 1631 4634 tympanum
1656 4509 1760 4598 arne

387 4638 726 4762 eomplesie'retur
739 4674 749 4720 z
761 4635 816 4722 fic
835 4641 948 4726 enim
970 4637 1108 4738 fieret,
1121 4659 1169 4722 ut
1178 4633 1269 4722 Axe
1284 4633 1511 4723 convoluto
1522 4637 1649 4719 etiam
1667 4627 1758 4716 snb-

415 4759 449 4820 '²-
1616 4749 1760 4866 jesium
