3780 5270
298 189 355 356 ’γ
485 209 842 364 Liberstxtutss
875 147 1223 338 CAPuT'II,
1416 239 1517 383 589

2 420 6 468 2
142 389 307 480 virium.
355 379 564 498 Quoiam
577 403 677 488 ergo
694 379 888 462 Potentiae
907 406 959 464 ex
977 375 1192 502 hypothes
1220 385 1313 480 sunt
1328 397 1516 514 equales,
1668 432 1675 446 ’

2 540 5 584 r
142 517 187 596 &
204 508 328 592 torius
348 499 537 616 ponderis
552 495 787 610 duaepartts
800 490 1047 582 sustinentur
1059 495 1082 582 i
1093 505 1280 592 Potentia
1298 513 1330 595 Ε
1345 571 1357 610 ,
1374 525 1416 601 &
1433 546 1516 606 una

2 681 6 702 t
141 615 366 710 aponum
382 611 523 715 C,illa
542 637 681 700 autem
699 607 759 694 est
775 605 972 726 subdupla
988 615 1177 728 ponderis
1197 617 1221 704 i
1239 621 1277 707 se
1292 621 1512 732 sustentati,

3 775 6 820 :
139 761 396 851 unuouaeque
416 729 477 816 est
496 725 675 844 ejusdem
688 728 810 810 totius
823 729 1013 844 ponderis
1028 727 1227 849 subtripla
1243 767 1325 853 quo
1339 745 1391 829 ad
1407 751 1512 836 viret
1572 752 1574 762 ⁴
1595 763 1598 774 '

2 887 6 937 r
137 835 398 941 sustentandi.
433 849 543 935 Cum
558 841 685 956 igitur
704 839 749 924 in
763 841 973 958 propositis
984 847 1200 933 Trochleit
1218 851 1266 936 stt
1278 861 1462 968 potentia
1481 865 1525 948 F·

2 1007 6 1053 ι
139 967 335 1055 sustinens
357 961 403 1047 in
422 957 587 1058 medio,
611 969 653 1046 &
668 961 849 1073 potentia
865 958 906 1044 G
922 962 965 1042 in
983 957 1105 1044 alterii
1119 975 1371 1056 extremitate
1392 972 1521 1062 susti-v

3 1105 6 1194 ζ
109 1113 274 1185 nens,
300 1107 556 1194 unaquaeque
584 1072 644 1160 est
670 1071 860 1188 subtripla
880 1075 1070 1188 ponderis
1095 1077 1145 1160 M
1168 1077 1387 1174 sustinendi
1414 1149 1426 1190 ,
1459 1121 1510 1178 ac

2 1235 7 1284 ι
135 1224 349 1316 propterea
362 1191 620 1278 Potentia-G
651 1187 744 1272 stfit
755 1187 877 1304 paulo
895 1193 1023 1304 major
1046 1189 1171 1310 quim
1191 1193 1407 1317 subtripla,
1430 1211 1508 1293 etit

2 1353 7 1402 t
130 1314 258 1400 etiam
270 1338 363 1428 apta
376 1309 427 1394 ad
441 1306 691 1392 movendum
703 1304 875 1418 pondus.
1160 1389 1166 1408 ‚
1273 1311 1276 1318 ’

3 1511 5 1516 ,
192 1428 274 1512 His
285 1424 433 1541 paritet
447 1415 622 1508 assentiri
644 1447 831 1538 nequeo,
848 1447 938 1534 quat
952 1417 1004 1504 de
1017 1423 1206 1538 ponderis
1219 1424 1506 1536 sustentatione

2 1589 6 1634 ι
130 1541 348 1635 dicunturr
361 1569 438 1624 nec
452 1535 541 1622 satis
556 1535 692 1631 video,
705 1562 757 1616 an
769 1535 886 1619 Veni
902 1531 1068 1624 secundi
1082 1547 1244 1650 generis
1254 1543 1501 1661 congruantr

130 1685 271 1776 neque
281 1659 393 1742 enim
406 1649 532 1740 solnm
546 1645 940 1738 Potentiaeinmedio
952 1677 1074 1768 atq-ue
1084 1659 1127 1742 in
1141 1655 1264 1758 altera
1275 1672 1501 1753 extremita-

3 1823 5 1868 ;
129 1803 173 1858 te
185 1773 416 1887 applicate,
436 1766 717 1856 verumetiam
738 1762 1076 1878 hypomochliutn
1089 1767 1219 1885 ipsum
1238 1793 1402 1864 'exercet
1420 1787 1503 1870 vim

3 1975 4 1986 Ν
128 1885 381 1976 sustinendi:
404 1913 455 1968 ex
469 1885 552 1970 hoc
566 1879 764 1994 siquidem
778 1879 890 1992 quod
910 1879 1081 1968 addatur
1095 1893 1277 2000 potentia
1290 1895 1334 1977 in
1349 1898 1500 1999 medio,
1550 1961 1552 1964 -
1598 1928 1611 1948 ¹¹

3 2065 4 2104 ,
129 2005 205 2088 ubi
228 2001 288 2086 est
312 1999 471 2115 pondus
489 2061 501 2098 ,
522 2025 612 2116 xnon
637 1989 793 2076 tollitur
814 1996 983 2078 omnino
1003 2001 1171 2114 preffio,
1195 1999 1273 2118 quai
1298 2007 1499 2124 hypomo.

127 2115 323 2206 chliumit
339 2115 518 2230 pondere
534 2134 713 2226 urgetur.
758 2111 897 2222 Quare
907 2137 991 2192 non
1007 2133 1091 2200 tota
1105 2121 1165 2202 vis
1179 2115 1425 2210 sustentandi
1436 2129 1500 2213 di.

130 2234 311 2321 videnda
333 2230 392 2316 est
410 2229 518 2314 inter
532 2229 631 2314 duas
644 2221 731 2308 illas
742 2226 962 2340 potentian,
978 2223 1044 2315 sed
1059 2230 1181 2319 etiarn
1203 2234 1499 2330 admittendum

128 2344 478 2465 esthypomochlij
492 2335 749 2440 consortium.

184 2463 270 2549 Dic
292 2491 458 2560 autem,
485 2483 670 2573 quaenam
690 2453 750 2540 est
771 2455 953 2570 potentia
979 2458 1021 2543 in
1049 2459 1079 2544 F
1107 2464 1287 2550 retinent
1308 2473 1495 2584 pondus?

125 2611 266 2666 nonne
283 2578 414 2664 statim
435 2605 483 2660 ac
501 2573 683 2690 potentia
706 2574 750 2653 in
774 2571 813 2651 G
834 2570 1088 2658 remissiorem
1107 2605 1298 2664 conatum
1313 2585 1495 2690 adhibet,

119 2703 248 2781 etiam
268 2701 298 2782 F
317 2723 410 2777 cum
431 2689 612 2806 pondere
631 2680 957 2800 descendittipsa
973 2693 1124 2802 quippe
1136 2695 1321 2780 Potentia
1339 2700 1379 2784 G
1395 2704 1496 2792 dum

121 2817 329 2896 intentum
343 2807 482 2894 sunem
497 2807 554 2888 Fi
569 2805 737 2898 retinet,
754 2795 919 2883 sustinet
930 2805 1050 2884 etiam
1059 2805 1218 2916 pondus
1228 2843 1240 2902 5
1253 2837 1376 2928 atque
1386 2816 1493 2904 adei>

122 2957 209 3011 non
224 2927 313 3010 duze
327 2923 417 3007 sunt
435 2921 624 3037 porentia
644 2913 901 3012 sustinentes,
921 2912 989 3028 sed
1009 2917 1142 3002 unica.
1188 2923 1240 3005 Et
1254 2929 1492 3040 quidem,si

118 3073 185 3126 res
203 3037 356 3124 sincere
371 3061 618 3154 exponatur,
638 3031 797 3148 pondus
813 3025 1029 3153 sustinetur
1041 3043 1083 3120 δι
1101 3031 1125 3117 ὲ
1145 3037 1324 3142 potentii
1347 3045 1387 3128 G
1404 3044 1490 3134 sur.

117 3153 208 3242 sum
226 3151 425 3252 conante,
442 3163 485 3239 δι
514 3146 538 3234 i
560 3147 675 3232 clavo
697 3149 722 3229 S
734 3205 746 3244 ,
768 3168 838 3226 cut
863 3139 1040 3260 superior
1055 3147 1236 3236 trochlea
1250 3157 1489 3265 adnesiitur,

116 3273 265 3358 mediis
278 3263 444 3354 funibus
462 3267 508 3350 H
525 3267 591 3362 D,
611 3263 668 3346 IF
685 3261 885 3345 retinente
903 3255 997 3358 ,iti
1012 3290 1059 3346 ut
1078 3293 1264 3350 centrum
1283 3279 1489 3384 gravitatis

30 3475 32 3480 ,
114 3387 309 3504 ponderis
320 3383 366 3467 stt
375 3389 419 3468 in
430 3373 796 3466 lineuDirenionis
808 3370 1039 3460 transeunte
1050 3405 1125 3492 per
1137 3377 1264 3494 ipsum
1276 3385 1435 3476 clavum
1447 3397 1487 3494 S,

114 3500 275 3587 stfnnis
302 3499 386 3584 GE
408 3497 457 3582 fit
475 3497 529 3582 ad
550 3489 918 3610 perpendiculum,
939 3489 1076 3576 necin
1091 3492 1195 3578 latus
1215 3503 1389 3589 retrahat
1405 3535 1488 3591 tro.

114 3617 282 3704 chleam
299 3617 336 3700 C
350 3644 422 3699 :eo
434 3639 570 3696 autern
586 3606 694 3722 ipso,
710 3600 828 3720 qubd
838 3609 1025 3690 Potentia
1041 3607 1082 3692 G
1097 3606 1166 3693 suo
1179 3640 1326 3701 conatu
1343 3622 1485 3732 prohi-

111 3731 211 3830 bet,
224 3761 276 3816 ne
289 3729 398 3816 funis
415 3751 623 3822 excurrat,
642 3717 790 3806 retinet
806 3719 965 3836 pondus
982 3749 1035 3807 ex
1057 3725 1203 3811 eodem
1219 3727 1334 3818 clavo
1362 3737 1386 3817 S
1404 3731 1484 3821 sus-

104 3845 294 3964 pensum.
338 3851 597 3960 Quapropter
613 3834 793 3952 ejusdem
813 3835 1004 3952 potentiae
1025 3839 1066 3924 G
1083 3839 1143 3926 est
1155 3847 1213 3926 vis
1228 3843 1318 3944 illa,
1335 3877 1424 3961 quae
1440 3861 1483 3942 δι

107 3967 162 4050 in
176 3961 322 4063 F,hoc
335 3959 499 4046 estinC
516 3952 655 4046 &inE
673 3957 832 4039 retinet.
866 3948 1049 4071 Qandb
1059 3951 1160 4041 verb
1176 3953 1327 4045 sursum
1335 3964 1484 4050 attolli-

107 4110 182 4166 tut
194 4079 377 4196 pondus,
396 4077 538 4162 eadem
560 4069 622 4159 est
640 4073 823 4185 potentia
840 4069 905 4165 G,
919 4097 1009 4182 quae
1027 4069 1177 4158 sursum
1193 4077 1317 4160 trahit
1334 4082 1392 4176 F,
1412 4081 1482 4166 cui
1598 4166 1601 4174 ,

104 4227 200 4284 non
213 4190 348 4278 minin
364 4185 736 4307 applicaturmedio
757 4183 856 4271 fune
880 4183 960 4285 IF,
981 4181 1107 4302 quim
1122 4188 1345 4302 applicetur
1357 4193 1478 4307 ipfiE
1587 4213 1589 4216 ’

103 4309 251 4402 medio
268 4305 367 4392 fune
384 4309 492 4404 Gn,-
510 4304 766 4428 nequeenim
780 4303 827 4384 in
839 4303 869 4389 F
882 4299 942 4390 est
955 4300 1032 4388 alia
1043 4307 1226 4423 potentia
1239 4301 1379 4423 sponte
1392 4306 1479 4396 sur·
1587 4427 1588 4430 p
1690 4435 1693 4438 Ι

99 4427 201 4518 sum
217 4423 459 4522 ascendens,
477 4433 519 4508 ὃ(
531 4419 666 4506 seeum
675 4411 832 4533 rapiens
843 4418 1015 4533 pondus.

167 4543 250 4644 Sed
263 4542 363 4652 quid
374 4537 810 4648 frustriconfugiarnus
825 4537 877 4622 ad
895 4540 979 4619 vim
993 4527 1240 4625 sustentandi
1254 4543 1479 4656 pondusex

98 4656 304 4750 trochleis
317 4655 575 4772 dependens?
592 4655 622 4742 fi
637 4651 797 4768 pondus
810 4649 935 4743 fuerit
950 4648 1479 4768 inplanohorizontaiitra·
1643 4727 1645 4732 .
1679 4769 1682 4776 ι
1713 4655 1719 4678 ‘

974 4769 1185 4932 'fiEee
1244 4805 1266 4880 3
1366 4817 1369 4825 =
