1171 1500
283 128 301 154 6
511 122 724 153 Mechamcomm

285 164 404 188 fiibfidebat.
426 165 499 186 Inveni
513 172 584 186 tamen
598 164 678 186 nullum
693 163 755 194 plane
770 164 872 186 observari
884 164 938 194 poffe
951 167 980 188 in

283 195 382 223 gravitate
387 193 496 215 discrimen
502 209 508 219 ‚
517 195 609 223 quamvis
617 201 658 215 tam
666 194 732 223 ampla
737 192 787 215 effen:
795 194 860 216 vesica
866 210 872 219 ‚
880 202 903 215 ut
909 195 978 216 facile

282 223 388 245 dimidiam
393 223 443 244 vasis
447 225 580 253 capacitatem
584 223 677 252 impleret
682 225 714 244 :in
719 230 805 252 utroque
809 224 865 244 enim
869 223 916 245 casu
921 231 979 252 pon-

280 252 320 274 dus
327 252 367 273 fuit
376 251 412 274 lib.
419 252 469 279 44÷·
483 253 507 274 Id
517 253 582 277 mihi,
593 252 657 273 fateor
664 268 670 277 ‚
677 252 752 273 accidit
762 259 833 281 praeter
841 253 962 281 opinionem
969 262 976 274 ι

467 284 524 305 Nam
532 283 546 304 ss
552 290 578 304 ex
582 284 660 313 pariete
665 290 721 304 extet
726 282 809 311 tigillus,
814 284 848 304 cui
854 283 979 305 adnectatur

468 312 571 341 cylindrus
582 314 597 334 P
604 327 610 337 ‚
620 317 655 333 aut
665 312 730 333 vessca
736 312 775 333 rite
781 312 869 337 firmata,
878 312 922 334 fere
932 314 976 334 im-

468 342 526 371 plens
537 342 670 370 capacitatem
679 341 729 362 vasis
739 342 757 362 A
764 342 779 362 B
786 356 791 365 ‚
801 340 875 370 vasque
883 341 913 362 illi
924 340 976 370 sup-

468 377 555 399 ponatur
564 372 604 395 ita,
614 377 637 391 ut
644 372 697 399 aqua
702 370 777 391 deinde
783 369 848 391 infusa
854 370 910 398 poffit
918 370 975 392 libe-

468 399 491 421 re
498 399 591 428 cylindro
596 399 732 420 circumfundi
743 407 749 422 i
761 400 859 428 percipies
868 399 975 420 nnuslon-

468 428 497 456 ge
507 429 572 457 majus
583 443 589 453 ‚
601 427 663 457 qudi-n
674 434 711 456 pro
722 429 820 456 gravitate
829 435 886 456 aquat
894 428 975 453 infusae,

468 457 484 478 fi
491 458 642 486 permitteretur
653 456 752 479 subfidere
762 465 766 477 :
778 459 799 478 &
808 456 822 478 fi
828 464 892 478 vasex
899 456 975 479 stater&

468 486 557 515 pendeat
565 501 571 511 ,
581 487 670 507 addai&
681 485 791 507 redue‘t6ve
801 484 899 506 iacomate
908 493 974 515 appa-

282 512 357 536 rebunt
368 522 472 536 momenta
486 516 590 544 gravitatis
600 515 663 544 longe
674 516 750 543 majora
759 530 764 539 ,
779 513 842 543 quam
857 514 871 535 fi
884 522 926 536 teta
937 515 975 536 illa.

279 551 334 572 aqua
345 543 434 565 fundum
444 551 533 573 peteret,
546 546 567 566 &
577 544 662 572 cylindri
672 551 727 573 pars,
737 551 782 593 tiuae
793 543 848 572 prius
859 545 972 573 immerge-

279 573 340 594 batur
345 588 351 597 ,
357 571 440 594 abscissa
446 589 452 598 ,
460 580 495 594 aut
500 573 566 594 vesica
573 574 678 594 innataret.
692 573 744 593 Intel
753 572 835 600 igebam
840 573 862 594 id
868 580 894 593 ex
899 573 973 601 majori

279 601 388 623 altitudine
394 609 431 631 per
445 602 558 623 endiculari
565 609 622 631 aquz
631 601 688 630 supra
694 601 781 623 eandem
788 601 850 622 bafim
857 602 904 622 oriri
910 610 916 625 ς
923 610 973 623 nam

280 628 372 658 depreffo
379 630 424 652 vase
433 638 472 656 ira,
483 638 506 652 ut
513 630 611 659 paulatim
618 631 711 658 cylindus
717 637 808 658 emergat
814 645 820 654 ,
828 633 849 651 &
859 638 871 651 a
900 638 912 651 a
922 630 971 652 sub-

280 659 331 680 fidat
341 674 346 684 ‚
360 658 437 688 semper
446 661 546 681 minuitur
552 660 632 688 pondus
642 669 647 680 :
656 659 711 681 idem
724 659 815 680 futurum
826 658 881 687 spera
896 667 929 680 am
938 675 945 684 ,
956 660 972 681 ss

280 687 347 709 vefica
357 689 410 709 intra
417 696 492 717 aquam
499 696 541 709 non
552 688 578 709 ab
585 688 698 709 extrinseco
706 688 765 709 obice
772 688 898 709 detineretur
904 704 909 713 ,
919 688 951 710 sed
959 688 972 710 ὲ

282 716 366 744 virgulis
372 724 420 738 cum
427 716 472 738 vale
478 716 521 745 ipso
531 718 629 739 connexis
637 725 644 741 3
653 717 820 746 quandoquidem
826 724 880 745 aqua
886 717 912 738 ad
920 725 970 738 ean—

281 744 330 767 dem
341 746 415 774 pariter
425 746 555 769 altitudinem
567 744 681 774 assurgebat
693 745 750 774 stiper
765 745 827 767 bafim
836 746 924 767 eandem
934 756 939 766 ι
950 754 972 767 at

282 773 338 803 spern
345 774 418 796 fefellit
425 782 516 796 eventus.
539 775 587 797 Nec
594 775 633 797 alia
641 776 693 796 mihi
701 774 720 796 se
727 774 801 796 obtulit
809 774 933 803 probabilior
940 783 973 796 ra-

257 808 262 814 ‘
282 804 312 824 tio
319 819 325 828 ‚
334 802 396 832 quam
408 811 432 825 ut
442 804 577 825 existimarem
587 811 661 833 aquam
674 804 766 825 altiorem
773 804 915 825 vehementius
938 805 970 825 ui-

281 832 330 854 dem
340 831 434 854 deorsum
445 834 483 854 niti
490 848 496 858 ‚
505 833 592 854 vesicam
601 840 670 854 tamen
677 832 775 854 leviorem
786 832 845 854 altius
853 812 970 861 depr-elilim

282 868 392 882 conantem
403 861 479 883 sursum
486 877 492 886 ‚
500 862 604 891 aequaliter
612 862 736 883 contendere
742 877 748 886 ‚
760 868 782 882 ut
789 868 902 889 emergeret
909 870 915 885 ς
922 861 970 883 ciam

282 889 334 911 vero
344 890 444 912 nisus-iste
451 890 526 912 sursum
533 891 633 920 oppositas
644 890 732 919 virgulas
738 906 744 915 ‚
753 897 815 919 atque
821 889 874 911 adei)
881 898 916 911 vas
923 898 972 913 cum.

282 918 322 940 illis
332 927 451 941 connexum
462 926 543 948 urgeret
553 935 559 944 ‚
575 920 624 941 elidi
638 919 744 941 adversum
757 920 856 948 impeturn
869 919 970 945 deorsum,

282 948 319 977 qui
329 947 340 969 ὲ
347 944 424 976 tmjore
430 948 538 970 altitudine
544 948 707 978 perpendiculari
719 956 776 977 aquae
784 948 898 973 oriebatur,
906 951 927 970 δε
938 948 969 970 so—

282 977 326 998 lum
337 984 441 999 remanere
449 985 546 999 conatum
554 977 676 1007 exipsorum
685 984 794 1006 corporum
805 977 914 999 substantii
923 985 969 1006 pro-

277 1013 399 1027 -manantern
406 1022 412 1031 ,
420 1014 464 1035 quae
473 1006 523 1028 ficut
531 1007 603 1028 eadem
612 1006 690 1036 semper
696 1014 750 1032 erat,
761 1006 803 1028 five
810 1008 911 1028 innamret
920 1007 969 1028 vess-

284 1042 310 1056 ca
316 1050 321 1059 ,
328 1035 369 1056 ίῐνὲ
378 1043 414 1065 per
421 1037 463 1056 vim
474 1037 640 1065 immergeretur,
649 1038 677 1057 ita
684 1037 756 1058 eadem
765 1036 870 1057 obtinebat
880 1037 969 1064 gravita-

283 1065 309 1085 tis
321 1071 430 1086 momenta.
455 1065 504 1094 Qo
513 1066 654 1093 experimento
663 1067 669 1089 (
676 1072 799 1094 quamquam
812 1072 853 1085 non
862 1072 895 1086 me
902 1065 971 1090 lateat,

299 1093 334 1114 uid
344 1090 381 1122 pr6
393 1092 412 1114 st
426 1092 499 1115 afferre
512 1093 547 1115 hic
561 1092 639 1122 poffent
650 1094 711 1116 aliter
723 1093 842 1118 sentientes)
853 1093 905 1115 visuz
917 1094 969 1115 mihi

292 1130 327 1143 um
343 1123 497 1152 deprehendere
517 1130 561 1144 non
577 1122 686 1145 obscurum
700 1123 789 1153 positivae
803 1122 891 1144 levitatis
907 1122 970 1144 vesti-

298 1159 346 1172 mm.
716 1166 718 1169 ι

283 1159 298 1180 g
310 1183 337 1203 Ut
347 1188 415 1202 autem
428 1180 531 1203 levitatem
544 1180 662 1210 corporibus
675 1180 804 1202 adimendam
819 1179 927 1202 afferet-ent
938 1182 970 1202 in-

282 1209 359 1238 geniofi
370 1211 502 1236 Academici,
515 1211 556 1232 hoc
566 1210 689 1239 potiffimum
699 1210 755 1231 duffi
765 1209 811 1239 sunt
823 1212 968 1239 experimento.

867 1240 969 1267 Ligneum
