3766 5270
411 221 806 383 Liberquartus.
861 227 1072 344 CAPu'r
1099 231 1257 340 XIV·
1411 271 1477 371 45
1492 275 1515 374 3
1620 229 1642 252 i

144 384 276 480 moliri
289 407 303 486 ς
323 417 407 507 quo
431 399 473 478 δε
489 385 608 475 facile
630 413 856 488 uteremur,
890 395 933 476 δι
960 383 1127 507 aliquod
1151 387 1303 478 laboris.
1321 417 1539 510 compen..
1654 437 1656 442 ,

143 511 257 598 dium
277 505 567 593 inveniremus,

199 622 380 712 Ratione
400 621 477 706 suae
494 620 763 732 longitudinis
783 619 835 706 ad
849 649 978 706 unum
991 619 1158 740 aliquod
1174 625 1297 710 vectis
1311 651 1440 740 genus
1452 655 1520 711 te-

143 743 336 832 ferendus
346 736 405 824 est
415 737 632 834 remus,ad
646 742 762 851 cujus
774 765 896 854 caput
911 739 1135 854 applicatur
1144 735 1350 858 potentia,
1369 739 1521 828 videli-

144 885 211 944 cet
235 885 394 948 remeius
414 881 595 939 extrema
616 851 790 966 palmula
810 853 1065 966 immergitur
1084 887 1219 972 aquae‚
1246 865 1288 942 &
1306 854 1414 942 circa
1433 889 1519 944 me.

142 973 261 1062 dium
276 969 465 1056 innititur
489 966 668 1054 scalmo:
693 968 760 1052 sed
781 997 895 1082 aquae
919 1001 970 1054 ne
987 997 1000 1057 r
1016 1001 1068 1058 an
1086 971 1232 1058 scalmo
1254 977 1385 1058 oratio
1399 973 1521 1064 fulcri

145 1079 634 1201 conveniat,disputatur.
681 1087 721 1167 Si
734 1085 969 1171 Aristoteles
981 1090 1205 1176 audiendus
1217 1085 1314 1174 effet
1330 1090 1519 1176 mechan.

138 1203 286 1322 'quaest.
299 1233 337 1305 4,
351 1195 611 1308 hypomochlion
616 1199 668 1307 fit
675 1199 850 1304 scabunt,
856 1205 939 1308 slat
956 1227 1050 1281 enim
1065 1205 1125 1282 tlle
1141 1241 1151 1296 ·,
1164 1203 1300 1310 pondus
1316 1203 1402 1283 veri
1419 1229 1521 1283 mare
1639 1232 1655 1242 ·

148 1317 219 1432 est.
240 1314 333 1426 quod
350 1315 515 1423 propellit
527 1339 663 1404 remum
679 1320 827 1396 verrem
841 1337 967 1394 autem
981 1343 1126 1396 movens
1139 1314 1215 1426 ipse
1234 1319 1431 1427 estremex.
1472 1323 1521 1412 [d

149 1435 319 1552 quidem
332 1429 601 1530 verumeffet‚
616 1431 642 1514 st
659 1435 748 1546 quis
765 1431 955 1518 anchoris
970 1435 1154 1522 nondum
1165 1433 1323 1535 solutis,
1338 1435 1524 1524 &stante

146 1553 256 1647 navi,
272 1547 510 1634 adumbrati
521 1550 572 1634 ad
583 1546 757 1660 speciem
774 1553 1041 1660 remigatione
1052 1547 1090 1636 se
1101 1580 1307 1638 exerceret
1316 1587 1329 1646 5
1340 1553 1396 1636 nil
1410 1559 1522 1638 enim
1578 1631 1583 1640 .

145 1663 352 1784 praestarct
368 1690 511 1778 ptaeter
530 1693 726 1778 aquarum
739 1663 1031 1776 impulsionem.
1076 1667 1280 1754 Caetertlm
1304 1697 1435 1752 nautae
1454 1699 1520 1753 re-

148 1809 311 1869 morum
324 1776 440 1893 pulsu
452 1809 535 1864 non
548 1807 696 1894 aquam
708 1779 939 1878 verberare,
960 1779 1025 1865 sed
1043 1789 1180 1891 navim
1193 1783 1398 1897 impellere
1419 1815 1521 1867 con-

149 1899 337 1984 tendunt.
382 1897 514 2007 Igitur
531 1924 637 2010 aqua
653 1955 664 1993 ,
683 1899 751 1979 cui
766 1900 865 1980 remi
875 1893 1051 2008 palmula
1063 1895 1339 2009 immergitur,
1356 1899 1520 1986 divisio·

149 2019 192 2099 ni
216 2009 421 2108 resistens,
443 2035 565 2126 atque
584 2013 982 2126 impedientmotum
996 2011 1181 2125 palmulae
1197 2075 1210 2112 ‚
1229 2013 1524 2130 hypomochlij.

151 2127 221 2212 cui
233 2123 382 2224 vestis,
396 2127 480 2210 hoc
493 2123 695 2210 ostremus
706 2185 718 2224 ‚
731 2129 939 2224 innititur,
952 2127 1149 2212 rationem
1162 2129 1307 2220 habet,
1323 2135 1435 2215 navis
1449 2159 1527 2216 ve-

150 2239 198 2327 τὸ
216 2241 323 2358 ipsa,
342 2269 432 2356 quae
447 2269 731 2354 promovetur,
747 2267 945 2356 quatenus
960 2240 1019 2326 est
1035 2240 1179 2328 scalmo
1192 2247 1424 2352 conjuntla,
1440 2243 1524 2328 uti.-

151 2389 234 2476 que
249 2357 309 2442 est
327 2357 512 2474 pondus,
531 2385 582 2440 ex
606 2361 722 2470 cujus
737 2357 958 2455 movendi,
980 2387 1063 2442 non
1088 2389 1138 2444 ex
1152 2389 1266 2474 aquae
1284 2359 1536 2475 repellendae·

149 2473 392 2560 difficultate
406 2469 663 2557 estimandus
681 2471 746 2557 ‘est
763 2498 977 2557 nautarum
999 2473 1114 2560 labor
1137 2511 1149 2557 z
1177 2476 1360 2590 alioquin
1377 2477 1525 2562 eodem

152 2619 294 2687 remo,
314 2594 384 2703 qui
401 2583 547 2669 scalmo
571 2586 750 2672 fimiliter
770 2587 984 2686 insisteret,
1003 2589 1164 2705 aequalis
1177 2588 1289 2674 labor
1301 2583 1399 2674 effer
1415 2650 1427 2686 ‚
1446 2593 1527 2678 five

151 2709 397 2802 aunarium,
426 2701 504 2784 live
529 2702 725 2787 corbitam
751 2699 959 2816 impellere
977 2731 1189 2818 oporteatt
1216 2708 1301 2818 pari
1323 2705 1527 2820 ‘liquidem

148 2849 269 2937 aquae
284 2821 460 2903 occurrit
474 2817 689 2932 utrobique
703 2815 889 2934 palmula.
927 2819 1192 2904 Manifestum
1204 2819 1264 2904 est
1279 2823 1402 2930 igitur
1418 2849 1526 2935 pon-

152 2941 231 3023 dus
250 2939 365 3019 vecte
385 2937 707 3048 promovendum
717 2937 854 3018 navim
870 2929 948 3017 elle
960 2995 971 3030 ,
984 2964 1068 3017 non
1083 2965 1242 3048 aquam,
1255 2965 1302 3018 ac
1317 2963 1533 3052 propterea

103 3091 108 3100 ·
152 3049 435 3166 hypomochlij
450 3047 559 3131 vices
573 3079 722 3165 aquam
737 3047 883 3146 subire,
898 3047 1086 3164 adedque
1103 3079 1259 3134 remum
1278 3049 1525 3136 censendum

154 3165 236 3253 elle
263 3170 418 3250 vetlem
435 3161 600 3249 secundi
621 3169 812 3279 generis,
840 3168 956 3278 cujus
983 3171 1255 3252 extremitates
1271 3170 1454 3280 potentio
1482 3175 1527 3253 ἃ

155 3283 339 3370 fulcrum
358 3305 573 3392 occupant.

216 3396 335 3480 Hinc
354 3396 417 3480 est
425 3395 592 3510 aliquod
610 3389 764 3508 semper
780 3394 921 3482 habeti
936 3393 1082 3482 laboris
1097 3396 1408 3510 compendium,
1421 3425 1555 3514 pon-7

156 3513 266 3601 deris
277 3517 388 3597 enim
398 3538 532 3595 motus
545 3571 557 3608 ,
571 3515 641 3626 qui
656 3514 769 3592 velie
784 3513 1014 3625 perficitur,
1030 3516 1162 3595 minor
1176 3509 1236 3594 est
1251 3539 1366 3596 motu
1381 3541 1531 3627 poten-

156 3637 227 3716 tiae
240 3633 341 3714 remi
358 3627 477 3741 capiti
492 3625 723 3740 applicatae,
741 3624 842 3710 illud
855 3627 968 3710 enim
978 3625 1135 3720 minus,
1150 3625 1238 3710 haec
1252 3633 1379 3742 magis
1390 3629 1440 3714 ab
1454 3630 1535 3739 hy·

158 3744 397 3862 pomochlio
412 3741 544 3828 distat.
589 3742 962 3856 Motus,inquam,
981 3741 1054 3857 qui
1072 3743 1185 3826 velle
1205 3743 1435 3856 perficitur,
1449 3743 1529 3826 mi-

60 3860 66 3883 *
157 3859 310 3949 norell
321 3887 435 3944 motu
450 3861 666 3973 potentiaet
689 3855 774 3940 fieri
788 3861 900 3940 enim
916 3859 1119 3968 contingit
1129 3880 1197 3956 ,ut
1215 3863 1258 3940 vi·
1273 3859 1438 3970 impreffi
1457 3863 1535 3944 im·

155 3975 304 4094 petiis,
321 3982 443 4060 etiarn
461 3970 634 4058 teffonte
653 3977 813 4086 remigis
832 3971 1090 4086 impulfione,
1106 3971 1219 4056 navis
1235 3999 1547 4088 promoveatur,·

156 4087 326 4180 adeunt
340 4119 416 4206 pro
427 4088 579 4175 ratione
596 4084 770 4203 impetiit
783 4087 913 4172 multo
921 4093 1051 4198 major
1062 4088 1110 4172 stt
1126 4093 1237 4175 navis
1250 4115 1397 4183 motus,
1409 4085 1537 4201 quim

157 4205 357 4324 potentiae
379 4205 638 4319 impellentis.
679 4211 832 4289 Verum
856 4203 944 4288 ‘hoc
960 4235 1045 4289 non
1067 4235 1118 4288 ex
1142 4207 1255 4288 velie
1273 4198 1326 4284 ob
1345 4200 1537 4318 idipsum,

156 4327 259 4440 quia
278 4323 402 4406 vellis
418 4323 502 4418 est,
519 4325 670 4418 oritur,
690 4315 755 4405 sed
772 4319 867 4434 quia
880 4327 992 4406 navis
1011 4325 1200 4404 innatans
1215 4345 1328 4432 aquae
1345 4348 1428 4402 non
1443 4348 1540 4404 eam

158 4441 324 4525 invenit
337 4434 539 4552 deotpurc
556 4433 684 4520 fluido
704 4437 991 4534 telistentiam,
1009 4463 1131 4548 quam
1147 4443 1362 4546 caeteroqui
1374 4463 1426 4517 ex
1440 4465 1538 4518 mu·

154 4583 232 4642 tuo
243 4558 344 4636 tritu
364 4559 578 4638 inveniunt
598 4554 775 4668 pondera
798 4557 954 4668 corpori
980 4547 1106 4632 solido
1122 4548 1366 4646 insistendo,
1381 4547 1537 4632 etiamli

162 4666 847 4764 testehotizontalitetmoveantut
857 4703 873 4766 t
884 4697 930 4753 ac
944 4665 1115 4782 proinde
1131 4659 1337 4778 impreffus
1348 4670 1542 4780 impetus,
1653 4697 1655 4702 ·

1152 4777 1240 4866 Lll
1299 4812 1324 4888 3
