3794 5266
348 215 353 224 ·
426 207 821 368 Liberquastus.
857 155 1285 334 cirurxvu.
1416 181 1537 381 ,47'9
1612 187 1616 196 ’

159 379 339 479 rudens,
364 385 408 466 δι
422 371 530 490 scapi
549 367 780 462 extremitas
808 377 840 458 B
863 373 1018 460 annulo
1032 376 1217 492 proxima
1235 381 1439 490 elevatur,
1459 426 1538 482 nec

156 495 330 614 amplius
352 489 674 580 transversarium
692 495 736 576 in
761 494 791 576 F
817 489 1020 575 incumbit
1035 523 1166 580 atenae
1179 535 1190 592 ς
1210 528 1425 616 propterea
1442 507 1538 600 bra·-

152 616 347 716 chiorum
366 606 550 728 palmulae
572 610 609 693 C
628 617 668 693 ὃ(
682 609 726 690 D
747 612 790 690 in
807 597 1055 720 triangulum
1067 614 1326 701 conformata
1340 681 1351 718 ‚
1365 623 1465 709 dum
1481 629 1556 714 sm
1678 603 1682 612 ’

152 731 243 818 mul
258 759 354 814 cum
372 731 465 812 navi
478 726 709 821 trahuntur,
721 721 758 809 se
769 719 807 806 se
821 725 1062 838 profunditis
1074 727 1118 812 in
1127 759 1292 816 arenam
1303 733 1530 830 insinuant:

152 847 224 936 sed
245 841 529 961 srinaequalem
547 837 764 926 offendant
780 840 1063 941 resistentiam,
1076 871 1146 929 aut
1158 845 1305 948 altera,
1323 879 1387 936 ex.
1396 883 1455 968 gr.
1478 865 1532 962 C,

148 962 395 1083 prostmdiits
414 957 607 1071 infigatur
622 985 703 1073 prae
724 955 878 1072 reliqui
900 960 1005 1054 (live
1019 988 1070 1074 ex
1088 955 1255 1074 subjetffii
1271 963 1341 1050 soli
1361 972 1529 1060 diversi.

148 1109 255 1178 tate,
268 1081 347 1162 srve
360 1081 456 1192 quia
468 1077 582 1158 navis
595 1079 639 1159 in
651 1069 914 1159 transversum
925 1077 1013 1157 acta
1025 1078 1150 1161 trahit
1162 1083 1349 1170 anchorae
1365 1099 1530 1204 caputB

145 1200 196 1284 in
217 1195 348 1291 latus,
371 1203 413 1279 δι
432 1189 587 1305 brachij
603 1188 765 1274 alterius
791 1189 1023 1275 extremitas
1041 1190 1271 1282 describens
1291 1206 1397 1286 circa
1419 1209 1455 1292 A
1483 1212 1529 1292 in

146 1311 233 1400 solo
247 1306 535 1394 atcttmverstis
557 1311 693 1392 navim
707 1301 947 1420 profunditis
966 1306 1179 1420 infigitur,
1198 1342 1321 1429 atque
1335 1317 1441 1406 aded
1460 1353 1525 1406 re-

144 1429 260 1544 liqua
279 1429 509 1511 extremitas
529 1421 699 1540 oppositi
724 1420 888 1532 brachij·
899 1427 943 1508 in
957 1423 1204 1512 contrarium
1221 1458 1330 1516 mota
1349 1431 1455 1521 circa
1473 1441 1538 1538 A,

144 1547 220 1634 vix
245 1571 390 1627 tetram
414 1539 598 1634 mordet)
631 1535 756 1622 visin
784 1543 815 1626 Β
839 1539 1035 1638 trahens,
1064 1569 1200 1658 neque
1219 1546 1355 1632 valens
1377 1557 1527 1666 pariter

145 1687 372 1772 utrumque
395 1653 610 1740 brachium
623 1654 783 1740 trahere
798 1713 810 1752 ,
827 1659 989 1766 cogitur
1002 1653 1110 1744 circa
1127 1662 1186 1758 C,
1203 1662 1393 1778 tanquam
1414 1673 1523 1763 eirca

142 1803 366 1872 centrum,
393 1769 461 1856 seu
476 1769 610 1886 potiits
633 1797 827 1886 tanquam
848 1775 955 1856 circa
968 1771 1130 1885 polum,
1143 1783 1311 1862 moveri.
1334 1783 1406 1864 lit
1426 1785 1525 1898 quia

140 1895 343 2012 pundium
366 1895 397 1976 B
414 1886 620 1972 sublimius
636 1883 695 1969 est
711 1889 936 1999 punine,
953 1883 1112 1974 necelle
1138 1889 1198 1976 est
1216 1896 1269 1975 ita
1287 1893 1521 2008 hujusmodi

142 2007 451 2096 convertionem
469 2003 579 2102 fieri,
596 2029 640 2085 nt
656 2001 837 2116 opposita
849 2008 1079 2087 extremitas
1107 2007 1149 2088 D
1170 2005 1376 2108 elevetur,
1395 2041 1520 2128 atque
1560 2013 1564 2020 ’

139 2157 196 2214 ex
215 2123 345 2210 fundo
357 2119 601 2204 extrahatur.
646 2119 839 2234 Cumque
859 2147 937 2222 ram
952 2116 1272 2206 transversarium
1294 2153 1379 2210 non
1389 2155 1525 2244 aqua-

138 2243 235 2329 liter
249 2241 347 2323 hinc
362 2247 404 2321 δι
418 2235 516 2325 hinc
531 2239 753 2320 retineatur
763 2263 836 2347 per
849 2243 932 2319 vim
949 2241 991 2318 in
1008 2235 1131 2348 plano
1145 2237 1338 2337 verticalt,
1350 2239 1415 2328 sed
1430 2251 1520 2358 ejus

137 2355 323 2472 superior
340 2381 428 2468 pars
447 2352 520 2436 BE
543 2347 679 2436 versits
695 2353 732 2435 C
748 2347 989 2448 inclinetur,
1005 2377 1174 2436 conatur
1187 2355 1425 2470 posicionem
1441 2365 1517 2446 ho-

139 2469 382 2560 rizontalem
400 2465 631 2583 acquirere,
648 2461 813 2582 ejt'tsque
823 2463 992 2552 inferior
1002 2465 1092 2580 pars
1116 2469 1251 2554 BFad
1268 2468 1370 2554 latus
1383 2473 1514 2560 decli-

140 2617 242 2692 nans
263 2582 466 2681 ascendit,
482 2582 678 2695 juvitque
692 2581 812 2696 ipsius
829 2581 985 2695 brachij
1004 2585 1093 2666 AD
1108 2577 1313 2670 ascensum
1328 2619 1340 2680 ς
1359 2617 1411 2675 ex
1429 2619 1516 2704 quo

136 2707 186 2792 sit
197 2706 364 2790 demum
376 2727 562 2784 centrum
574 2699 915 2808 gravitatistonus
928 2697 1115 2782 anchora
1129 2696 1343 2786 imminete
1356 2702 1512 2818 palmu-

134 2821 185 2908 lae
204 2823 266 2918 C,
290 2845 379 2933 quae
401 2843 612 2930 propterea
638 2811 761 2898 etiam
785 2839 956 2925 urgente
968 2817 1163 2926 gravitate
1183 2816 1424 2941 profundius
1441 2821 1511 2906 in·
1549 2809 1553 2820 ’

136 2939 165 3024 ft
201 2943 291 3018 itur.
1164 2963 1172 2970 ·

170 2965 243 3136 gIn
259 3051 337 3134 hac
348 3045 472 3158 lignei
487 3039 736 3130 transversari
736 3049 751 3159 j
766 3041 1029 3131 couverfione
1042 3040 1335 3132 observandum
1348 3047 1406 3134 est
1420 3082 1509 3172 par-

102 3155 108 3166 ’
133 3197 220 3253 tem
236 3165 402 3250 alteram
422 3159 693 3268 sublimiorem
709 3163 780 3244 BE
798 3163 961 3272 pervim
973 3163 1016 3242 in
1030 3158 1135 3273 aqui
1148 3161 1340 3277 deprimi,
1353 3195 1509 3278 partem

131 3311 271 3370 autem
291 3279 524 3370 inferiorem
552 3279 619 3362 BF
648 3281 692 3359 in
715 3274 819 3388 aquai
841 3271 980 3390 sponte
1002 3271 1237 3372 ascendere,
1255 3308 1302 3364 ac
1319 3281 1507 3394 proinde,

127 3427 296 3518 propter
311 3392 588 3478 intermediam
606 3395 843 3504 gravitatem
861 3395 905 3474 in
927 3397 979 3489 B,
999 3387 1107 3474 illam
1122 3391 1297 3478 reslstere
1310 3399 1409 3483 huic
1424 3399 1504 3484 sur-

127 3517 217 3603 sum
237 3513 423 3608 conanti,
442 3535 564 3621 atque
581 3505 805 3591 ideonum
824 3505 1188 3590 habererationem
1206 3508 1503 3626 hypomochlij,
1603 3513 1606 3519 ’
1652 3621 1657 3632 ¹

129 3637 242 3721 hanc
257 3633 479 3745 potentiae,
500 3625 659 3738 pondus
681 3615 781 3709 veri)
801 3616 879 3706 elle
903 3625 946 3704 in
966 3629 1021 3718 B,
1046 3624 1155 3734 quod
1175 3633 1214 3708 δι
1229 3629 1500 3716 convertitur:

127 3780 215 3834 non
227 3746 393 3862 quidem
405 3743 499 3858 quia
510 3766 639 3821 toturn
654 3739 813 3852 pondus
831 3737 878 3818 lit
895 3742 937 3818 in
955 3743 1008 3833 B,
1025 3733 1089 3820 sed
1105 3765 1199 3850 quta
1213 3746 1335 3826 totius
1347 3748 1502 3830 ancho-

125 3853 180 3950 tae
203 3889 396 3946 ¹centrum
417 3857 623 3970 gravitatis
648 3853 708 3938 est
732 3853 778 3936 in
793 3847 910 3966 scapo
931 3857 1030 3947 AB,
1049 3850 1238 3967 adeoque
1260 3859 1527 3971 intelligitur·

119 3979 370 4097 applicatum
385 3975 605 4089 pannon,
626 3973 809 4086 quamvis
825 3967 947 4083 ipfius
962 3965 1093 4052 centri
1105 3973 1311 4076 gravitatis
1325 4001 1499 4060 convet-

120 4099 181 4185 sto
201 4097 269 4180 fiat
283 4101 391 4178 circa
402 4091 700 4174 extremitatem
725 4087 763 4171 C
784 4111 1029 4169 manentem.
1498 4121 1501 4128 Δ

166 4218 223 4298 At
237 4193 337 4295 vetii
353 4209 381 4292 st
399 4205 535 4320 scapus
548 4207 589 4288 A
603 4207 637 4285 K
652 4200 774 4288 fuerit
789 4200 933 4316 triplex
948 4198 1103 4315 brachij
1124 4203 1224 4295 AC,
1236 4205 1358 4286 etiam
1372 4203 1497 4290 trans·

118 4325 339 4414 versarium
360 4326 432 4408 ΗΙ
452 4321 568 4436 scapo
581 4319 739 4434 aequale
754 4317 814 4404 est
831 4312 1008 4422 ejusdem
1023 4315 1179 4426 brachij
1199 4313 1344 4430 triplex
1365 4355 1373 4400 ε
1394 4321 1495 4406 hinc

120 4447 169 4530 fit
188 4445 308 4559 ipsrus
334 4441 526 4554 longioris
550 4433 812 4541 transiersarij
846 4435 925 4516 HI
950 4435 1062 4529 vim,
1086 4457 1166 4541 qua
1186 4425 1224 4514 se
1240 4435 1494 4522 horizontale

119 4561 269 4646 statuat
294 4565 337 4644 in
357 4553 488 4672 aqud,
511 4555 703 4664 majorem
727 4545 804 4636 elle
822 4611 834 4646 ‚
854 4545 978 4662 quim
1000 4544 1194 4630 brevioris
1214 4550 1285 4634 EF
1299 4582 1314 4644 5
1332 4549 1492 4660 lignum

112 4675 232 4766 enirn
252 4673 415 4792 longilts
435 4665 640 4760 difficilius
657 4671 702 4756 in
722 4659 827 4786 aqua
850 4666 1030 4751 cresium
1047 4665 1257 4786 retinetur.
1292 4665 1495 4777 Qamvis

159 4839 163 4847 .
552 4800 558 4812 '
1350 4809 1492 4884 autem
