<?xml version="1.0" encoding="UTF-8"?>
<!DOCTYPE html PUBLIC "-//W3C//DTD XHTML 1.0 Transitional//EN"
    "http://www.w3.org/TR/xhtml1/DTD/xhtml1-transitional.dtd">
<html xmlns="http://www.w3.org/1999/xhtml" xml:lang="en" lang="en">
 <head>
  <title>
</title>
<meta http-equiv="Content-Type" content="text/html;charset=utf-8" />
  <meta name='ocr-system' content='tesseract 3.04.00' />
  <meta name='ocr-capabilities' content='ocr_page ocr_carea ocr_par ocr_line ocrx_word'/>
</head>
<body>
  <div class='ocr_page' id='page_1' title='image "./rppaulicasatipl00casagoog_0301.png"; bbox 0 0 3808 5262; ppageno 0'>
   <div class='ocr_carea' id='block_1_1' title="bbox 362 205 1738 492">
    <p class='ocr_par' dir='ltr' id='par_1_1' title="bbox 362 205 1738 492">
     <span class='ocr_line' id='line_1_1' title="bbox 362 205 1253 362; baseline -0.009 -33"><span class='ocrx_word' id='word_1_1' title='bbox 362 221 468 362; x_wconf 76' lang='lat'>278</span> <span class='ocrx_word' id='word_1_2' title='bbox 810 205 1253 324; x_wconf 76' lang='lat' dir='ltr'>Mechanicornm</span> 
     </span>
     <span class='ocr_line' id='line_1_2' title="bbox 368 371 1738 492; baseline -0.006 -26"><span class='ocrx_word' id='word_1_3' title='bbox 368 411 428 466; x_wconf 89' lang='lat' dir='ltr'>tet</span> <span class='ocrx_word' id='word_1_4' title='bbox 466 381 663 492; x_wconf 82' lang='lat' dir='ltr'>exiguum</span> <span class='ocrx_word' id='word_1_5' title='bbox 702 375 784 463; x_wconf 87' lang='lat' dir='ltr'>hot</span> <span class='ocrx_word' id='word_1_6' title='bbox 826 371 1043 481; x_wconf 78' lang='lat' dir='ltr'>discrimen</span> <span class='ocrx_word' id='word_1_7' title='bbox 1086 377 1182 474; x_wconf 85' lang='lat' dir='ltr'>oriri</span> <span class='ocrx_word' id='word_1_8' title='bbox 1224 405 1276 460; x_wconf 84' lang='lat' dir='ltr'>ex</span> <span class='ocrx_word' id='word_1_9' title='bbox 1317 375 1515 490; x_wconf 72' lang='lat' dir='ltr'>neglceiis</span> <span class='ocrx_word' id='word_1_10' title='bbox 1538 378 1738 478; x_wconf 64' lang='lat' dir='ltr'>frastim..</span> 
     </span>
    </p>
   </div>
   <div class='ocr_carea' id='block_1_2' title="bbox 368 496 1743 738">
    <p class='ocr_par' dir='ltr' id='par_1_2' title="bbox 368 496 1743 738">
     <span class='ocr_line' id='line_1_3' title="bbox 368 496 480 586; baseline -0.063 0"><span class='ocrx_word' id='word_1_11' title='bbox 368 496 480 586; x_wconf 90' lang='lat' dir='ltr'>culis.</span> 
     </span>
     <span class='ocr_line' id='line_1_4' title="bbox 427 603 1743 738; baseline 0.005 -41"><span class='ocrx_word' id='word_1_12' title='bbox 427 609 634 704; x_wconf 83' lang='lat' dir='ltr'>Caeteritm</span> <span class='ocrx_word' id='word_1_13' title='bbox 650 611 751 698; x_wconf 83' lang='lat' dir='ltr'>haeo</span> <span class='ocrx_word' id='word_1_14' title='bbox 765 637 847 694; x_wconf 86' lang='lat' dir='ltr'>tam</span> <span class='ocrx_word' id='word_1_15' title='bbox 872 607 1033 695; x_wconf 71' lang='lat' dir='ltr'>minute</span> <span class='ocrx_word' id='word_1_16' title='bbox 1053 603 1235 724; x_wconf 87' lang='lat' dir='ltr'>persequi</span> <span class='ocrx_word' id='word_1_17' title='bbox 1255 609 1297 692; x_wconf 88' lang='lat' dir='ltr'>in</span> <span class='ocrx_word' id='word_1_18' title='bbox 1327 607 1429 698; x_wconf 80' lang='lat' dir='ltr'>librd</span> <span class='ocrx_word' id='word_1_19' title='bbox 1453 609 1608 711; x_wconf 71' lang='lat' dir='ltr'>curvi,</span> <span class='ocrx_word' id='word_1_20' title='bbox 1630 625 1743 738; x_wconf 80' lang='lat' dir='ltr'>cujus</span> 
     </span>
    </p>
   </div>
   <div class='ocr_carea' id='block_1_3' title="bbox 366 723 1752 847">
    <p class='ocr_par' dir='ltr' id='par_1_3' title="bbox 366 723 1752 847">
     <span class='ocr_line' id='line_1_5' title="bbox 366 723 1752 847; baseline -0.013 -27"><span class='ocrx_word' id='word_1_21' title='bbox 366 729 494 820; x_wconf 89' lang='lat' dir='ltr'>latera</span> <span class='ocrx_word' id='word_1_22' title='bbox 506 759 591 814; x_wconf 90' lang='lat' dir='ltr'>non</span> <span class='ocrx_word' id='word_1_23' title='bbox 601 724 707 816; x_wconf 78' lang='lat' dir='ltr'>adei&gt;</span> <span class='ocrx_word' id='word_1_24' title='bbox 729 726 898 812; x_wconf 84' lang='lat' dir='ltr'>notabili</span> <span class='ocrx_word' id='word_1_25' title='bbox 916 733 1113 839; x_wconf 83' lang='lat' dir='ltr'>gravitate</span> <span class='ocrx_word' id='word_1_26' title='bbox 1127 723 1217 808; x_wconf 90' lang='lat' dir='ltr'>sunt</span> <span class='ocrx_word' id='word_1_27' title='bbox 1234 727 1422 839; x_wconf 75' lang='lat' dir='ltr'>praedita,</span> <span class='ocrx_word' id='word_1_28' title='bbox 1444 728 1559 816; x_wconf 79' lang='lat' dir='ltr'>labor</span> <span class='ocrx_word' id='word_1_29' title='bbox 1578 737 1752 847; x_wconf 74' lang='lat' dir='ltr'>quidem.</span> 
     </span>
    </p>
   </div>
   <div class='ocr_carea' id='block_1_4' title="bbox 368 839 1746 1545">
    <p class='ocr_par' dir='ltr' id='par_1_4' title="bbox 368 839 1746 1545">
     <span class='ocr_line' id='line_1_6' title="bbox 368 839 1746 961; baseline 0.004 -26"><span class='ocrx_word' id='word_1_30' title='bbox 368 851 532 936; x_wconf 88' lang='lat' dir='ltr'>videtur</span> <span class='ocrx_word' id='word_1_31' title='bbox 542 845 697 932; x_wconf 87' lang='lat' dir='ltr'>inutilis</span> <span class='ocrx_word' id='word_1_32' title='bbox 711 881 720 927; x_wconf 72' lang='grc' dir='ltr'><strong>ε</strong></span> <span class='ocrx_word' id='word_1_33' title='bbox 736 841 803 929; x_wconf 87' lang='lat' dir='ltr'>sed</span> <span class='ocrx_word' id='word_1_34' title='bbox 816 849 1011 958; x_wconf 85' lang='lat' dir='ltr'>quoniam</span> <span class='ocrx_word' id='word_1_35' title='bbox 1023 839 1254 958; x_wconf 89' lang='lat' dir='ltr'>hujusmodi</span> <span class='ocrx_word' id='word_1_36' title='bbox 1278 839 1403 928; x_wconf 75' lang='lat' dir='ltr'>librae&#39;</span> <span class='ocrx_word' id='word_1_37' title='bbox 1412 849 1640 961; x_wconf 62' lang='lat' dir='ltr'>praecipuus</span> <span class='ocrx_word' id='word_1_38' title='bbox 1658 852 1746 942; x_wconf 84' lang='lat' dir='ltr'>usur</span> 
     </span>
     <span class='ocr_line' id='line_1_7' title="bbox 368 955 1744 1082; baseline 0.001 -28"><span class='ocrx_word' id='word_1_39' title='bbox 368 960 448 1054; x_wconf 79' lang='lat' dir='ltr'>elle</span> <span class='ocrx_word' id='word_1_40' title='bbox 464 965 649 1082; x_wconf 83' lang='lat' dir='ltr'>potesttn</span> <span class='ocrx_word' id='word_1_41' title='bbox 657 958 1050 1056; x_wconf 85' lang='lat' dir='ltr'>machinationibus,</span> <span class='ocrx_word' id='word_1_42' title='bbox 1065 957 1133 1042; x_wconf 92' lang='lat' dir='ltr'>ubi</span> <span class='ocrx_word' id='word_1_43' title='bbox 1151 955 1274 1076; x_wconf 79' lang='lat' dir='ltr'>latera</span> <span class='ocrx_word' id='word_1_44' title='bbox 1286 959 1394 1046; x_wconf 73' lang='lat' dir='ltr'>librat</span> <span class='ocrx_word' id='word_1_45' title='bbox 1413 960 1503 1045; x_wconf 84' lang='lat' dir='ltr'>lunt</span> <span class='ocrx_word' id='word_1_46' title='bbox 1513 965 1633 1077; x_wconf 76' lang='lat' dir='ltr'>tigilli</span> <span class='ocrx_word' id='word_1_47' title='bbox 1646 971 1744 1055; x_wconf 75' lang='lat' dir='ltr'>cral&#39;-</span> 
     </span>
     <span class='ocr_line' id='line_1_8' title="bbox 370 1079 1743 1191; baseline 0.004 -25"><span class='ocrx_word' id='word_1_48' title='bbox 370 1085 490 1168; x_wconf 79' lang='lat' dir='ltr'>stores</span> <span class='ocrx_word' id='word_1_49' title='bbox 510 1109 595 1166; x_wconf 87' lang='lat' dir='ltr'>non</span> <span class='ocrx_word' id='word_1_50' title='bbox 610 1079 827 1166; x_wconf 87' lang='lat' dir='ltr'>mediocris</span> <span class='ocrx_word' id='word_1_51' title='bbox 850 1079 1079 1186; x_wconf 84' lang='lat' dir='ltr'>gravitatis,</span> <span class='ocrx_word' id='word_1_52' title='bbox 1102 1103 1232 1188; x_wconf 86' lang='lat' dir='ltr'>operae</span> <span class='ocrx_word' id='word_1_53' title='bbox 1254 1081 1430 1191; x_wconf 84' lang='lat' dir='ltr'>pretium</span> <span class='ocrx_word' id='word_1_54' title='bbox 1452 1079 1531 1164; x_wconf 86' lang='lat' dir='ltr'>l&#39;uit</span> <span class='ocrx_word' id='word_1_55' title='bbox 1552 1083 1743 1186; x_wconf 86' lang='lat' dir='ltr'>indicare,</span> 
     </span>
     <span class='ocr_line' id='line_1_9' title="bbox 369 1189 1746 1317; baseline 0.004 -35"><span class='ocrx_word' id='word_1_56' title='bbox 369 1194 449 1316; x_wconf 73' lang='lat' dir='ltr'>qud</span> <span class='ocrx_word' id='word_1_57' title='bbox 461 1197 658 1282; x_wconf 86' lang='lat' dir='ltr'>methodo</span> <span class='ocrx_word' id='word_1_58' title='bbox 675 1189 850 1313; x_wconf 87' lang='lat' dir='ltr'>ipsorum</span> <span class='ocrx_word' id='word_1_59' title='bbox 866 1191 1036 1276; x_wconf 87' lang='lat' dir='ltr'>laterum</span> <span class='ocrx_word' id='word_1_60' title='bbox 1051 1195 1267 1304; x_wconf 82' lang='lat' dir='ltr'>gravitates</span> <span class='ocrx_word' id='word_1_61' title='bbox 1284 1201 1326 1280; x_wconf 78' lang='grc' dir='ltr'>δι</span> <span class='ocrx_word' id='word_1_62' title='bbox 1348 1209 1555 1280; x_wconf 85' lang='lat' dir='ltr'>momenta</span> <span class='ocrx_word' id='word_1_63' title='bbox 1575 1229 1746 1317; x_wconf 54' lang='lat' dir='ltr'>comput</span> 
     </span>
     <span class='ocr_line' id='line_1_10' title="bbox 370 1304 1743 1432; baseline -0.003 -33"><span class='ocrx_word' id='word_1_64' title='bbox 370 1319 446 1400; x_wconf 85' lang='lat' dir='ltr'>tari</span> <span class='ocrx_word' id='word_1_65' title='bbox 466 1339 672 1432; x_wconf 80' lang='lat' dir='ltr'>oporteat,</span> <span class='ocrx_word' id='word_1_66' title='bbox 690 1339 736 1394; x_wconf 89' lang='lat' dir='ltr'>ut</span> <span class='ocrx_word' id='word_1_67' title='bbox 751 1335 835 1392; x_wconf 90' lang='lat' dir='ltr'>non</span> <span class='ocrx_word' id='word_1_68' title='bbox 846 1305 961 1406; x_wconf 86' lang='lat' dir='ltr'>casu,</span> <span class='ocrx_word' id='word_1_69' title='bbox 977 1304 1045 1392; x_wconf 89' lang='lat' dir='ltr'>sed</span> <span class='ocrx_word' id='word_1_70' title='bbox 1058 1337 1108 1392; x_wconf 87' lang='lat' dir='ltr'>ex</span> <span class='ocrx_word' id='word_1_71' title='bbox 1122 1306 1233 1394; x_wconf 67' lang='lat' dir='ltr'>certi</span> <span class='ocrx_word' id='word_1_72' title='bbox 1256 1315 1411 1396; x_wconf 84' lang='lat' dir='ltr'>ratione</span> <span class='ocrx_word' id='word_1_73' title='bbox 1428 1313 1609 1426; x_wconf 83' lang='lat' dir='ltr'>pondera</span> <span class='ocrx_word' id='word_1_74' title='bbox 1622 1318 1743 1416; x_wconf 74' lang='lat' dir='ltr'>collo.</span> 
     </span>
     <span class='ocr_line' id='line_1_11' title="bbox 371 1409 1115 1545; baseline -0.015 -28"><span class='ocrx_word' id='word_1_75' title='bbox 371 1458 539 1530; x_wconf 87' lang='lat' dir='ltr'>centur,</span> <span class='ocrx_word' id='word_1_76' title='bbox 557 1439 599 1520; x_wconf 88' lang='lat'>&amp;</span> <span class='ocrx_word' id='word_1_77' title='bbox 611 1423 867 1545; x_wconf 81' lang='lat' dir='ltr'>aequipondia</span> <span class='ocrx_word' id='word_1_78' title='bbox 881 1409 1115 1508; x_wconf 77' lang='lat' dir='ltr'>stainantur.</span> 
     </span>
    </p>
   </div>
   <div class='ocr_carea' id='block_1_5' title="bbox 271 2058 1618 2220">
    <p class='ocr_par' dir='ltr' id='par_1_5' title="bbox 271 2058 1618 2220">
     <span class='ocr_line' id='line_1_12' title="bbox 271 2058 1618 2220; baseline 0.017 -62"><span class='ocrx_word' id='word_1_79' title='bbox 271 2089 273 2094; x_wconf 65' lang='grc'><strong>“</strong></span> <span class='ocrx_word' id='word_1_80' title='bbox 401 2113 418 2126; x_wconf 87' lang='lat'>··</span> <span class='ocrx_word' id='word_1_81' title='bbox 499 2058 744 2220; x_wconf 71' lang='lat' dir='ltr'>Qunam</span> <span class='ocrx_word' id='word_1_82' title='bbox 772 2061 897 2176; x_wconf 73' lang='lat' dir='ltr'>libra</span> <span class='ocrx_word' id='word_1_83' title='bbox 912 2068 1021 2218; x_wconf 71' lang='lat' dir='ltr'>sant</span> <span class='ocrx_word' id='word_1_84' title='bbox 1050 2063 1264 2176; x_wconf 73' lang='lat' dir='ltr'>omniurn</span> <span class='ocrx_word' id='word_1_85' title='bbox 1294 2062 1618 2216; x_wconf 73' lang='lat' dir='ltr'>exacir&#39;ssimae.</span> 
     </span>
    </p>
   </div>
   <div class='ocr_carea' id='block_1_6' title="bbox 307 2333 1747 2692">
    <p class='ocr_par' dir='ltr' id='par_1_6' title="bbox 307 2333 1747 2692">
     <span class='ocr_line' id='line_1_13' title="bbox 368 2333 1746 2557; baseline 0.009 -132"><span class='ocrx_word' id='word_1_86' title='bbox 368 2341 673 2557; x_wconf 79' lang='lat' dir='ltr'>INstrumenti</span> <span class='ocrx_word' id='word_1_87' title='bbox 685 2333 878 2458; x_wconf 86' lang='lat' dir='ltr'>cujusque</span> <span class='ocrx_word' id='word_1_88' title='bbox 891 2341 1050 2429; x_wconf 84' lang='lat' dir='ltr'>bonitas</span> <span class='ocrx_word' id='word_1_89' title='bbox 1062 2339 1337 2426; x_wconf 79' lang='lat' dir='ltr'>aestimatttrex</span> <span class='ocrx_word' id='word_1_90' title='bbox 1354 2339 1456 2440; x_wconf 81' lang='lat' dir='ltr'>linc,</span> <span class='ocrx_word' id='word_1_91' title='bbox 1473 2345 1524 2429; x_wconf 89' lang='lat' dir='ltr'>ad</span> <span class='ocrx_word' id='word_1_92' title='bbox 1535 2375 1660 2462; x_wconf 85' lang='lat' dir='ltr'>quem</span> <span class='ocrx_word' id='word_1_93' title='bbox 1670 2343 1746 2438; x_wconf 81' lang='lat' dir='ltr'>fuit</span> 
     </span>
     <span class='ocr_line' id='line_1_14' title="bbox 307 2457 1745 2574; baseline 0.008 -34"><span class='ocrx_word' id='word_1_94' title='bbox 307 2563 309 2570; x_wconf 15' lang='lat' dir='ltr'>y</span> <span class='ocrx_word' id='word_1_95' title='bbox 416 2459 665 2556; x_wconf 85' lang='lat' dir='ltr'>institutum,</span> <span class='ocrx_word' id='word_1_96' title='bbox 685 2484 807 2574; x_wconf 89' lang='lat' dir='ltr'>prout</span> <span class='ocrx_word' id='word_1_97' title='bbox 825 2459 875 2544; x_wconf 86' lang='lat' dir='ltr'>ad</span> <span class='ocrx_word' id='word_1_98' title='bbox 904 2457 1324 2574; x_wconf 77' lang='lat' dir='ltr'>illttmallequendum</span> <span class='ocrx_word' id='word_1_99' title='bbox 1352 2487 1492 2573; x_wconf 84' lang='lat' dir='ltr'>aptum</span> <span class='ocrx_word' id='word_1_100' title='bbox 1508 2459 1658 2562; x_wconf 83' lang='lat' dir='ltr'>fucrit,</span> <span class='ocrx_word' id='word_1_101' title='bbox 1675 2496 1745 2552; x_wconf 87' lang='lat' dir='ltr'>aut</span> 
     </span>
     <span class='ocr_line' id='line_1_15' title="bbox 369 2571 1747 2692; baseline 0.009 -34"><span class='ocrx_word' id='word_1_102' title='bbox 369 2577 579 2692; x_wconf 87' lang='lat' dir='ltr'>ineptum,</span> <span class='ocrx_word' id='word_1_103' title='bbox 605 2571 742 2687; x_wconf 81' lang='lat' dir='ltr'>edque</span> <span class='ocrx_word' id='word_1_104' title='bbox 763 2575 907 2658; x_wconf 89' lang='lat' dir='ltr'>melius</span> <span class='ocrx_word' id='word_1_105' title='bbox 930 2572 1115 2660; x_wconf 87' lang='lat' dir='ltr'>censetur</span> <span class='ocrx_word' id='word_1_106' title='bbox 1134 2573 1470 2674; x_wconf 89' lang='lat' dir='ltr'>instrumentum,</span> <span class='ocrx_word' id='word_1_107' title='bbox 1491 2571 1578 2692; x_wconf 80' lang='lat' dir='ltr'>qud</span> <span class='ocrx_word' id='word_1_108' title='bbox 1595 2582 1747 2674; x_wconf 76' lang='lat' dir='ltr'>certiin</span> 
     </span>
    </p>
   </div>
   <div class='ocr_carea' id='block_1_7' title="bbox 369 2803 1750 4086">
    <p class='ocr_par' dir='ltr' id='par_1_7' title="bbox 369 2803 1750 4086">
     <span class='ocr_line' id='line_1_16' title="bbox 385 2803 1746 2924; baseline 0.004 -32"><span class='ocrx_word' id='word_1_109' title='bbox 385 2809 537 2892; x_wconf 86' lang='lat' dir='ltr'>aeunti</span> <span class='ocrx_word' id='word_1_110' title='bbox 601 2804 681 2889; x_wconf 73' lang='lat' dir='ltr'>tile</span> <span class='ocrx_word' id='word_1_111' title='bbox 701 2803 912 2890; x_wconf 89' lang='lat' dir='ltr'>constabit.</span> <span class='ocrx_word' id='word_1_112' title='bbox 952 2817 1005 2894; x_wconf 91' lang='lat' dir='ltr'>Ut</span> <span class='ocrx_word' id='word_1_113' title='bbox 1026 2810 1151 2919; x_wconf 85' lang='lat' dir='ltr'>igitur</span> <span class='ocrx_word' id='word_1_114' title='bbox 1176 2807 1462 2891; x_wconf 72' lang='lat' dir='ltr'>exadiffimum</span> <span class='ocrx_word' id='word_1_115' title='bbox 1483 2809 1594 2895; x_wconf 83' lang='lat' dir='ltr'>librae</span> <span class='ocrx_word' id='word_1_116' title='bbox 1615 2839 1746 2924; x_wconf 84' lang='lat' dir='ltr'>genus</span> 
     </span>
     <span class='ocr_line' id='line_1_17' title="bbox 370 2916 1746 3038; baseline 0.003 -30"><span class='ocrx_word' id='word_1_117' title='bbox 370 2919 596 3008; x_wconf 85' lang='lat' dir='ltr'>innotescat</span> <span class='ocrx_word' id='word_1_118' title='bbox 605 2983 618 3024; x_wconf 88' lang='lat'>,</span> <span class='ocrx_word' id='word_1_119' title='bbox 638 2917 726 3004; x_wconf 85' lang='lat' dir='ltr'>satis</span> <span class='ocrx_word' id='word_1_120' title='bbox 741 2949 851 3036; x_wconf 89' lang='lat' dir='ltr'>patet</span> <span class='ocrx_word' id='word_1_121' title='bbox 863 2923 1153 3038; x_wconf 85' lang='lat' dir='ltr'>inquirendum</span> <span class='ocrx_word' id='word_1_122' title='bbox 1170 2916 1269 3019; x_wconf 81' lang='lat' dir='ltr'>effe,</span> <span class='ocrx_word' id='word_1_123' title='bbox 1285 2923 1583 3038; x_wconf 80' lang='lat' dir='ltr'>quaenamlibra</span> <span class='ocrx_word' id='word_1_124' title='bbox 1602 2929 1746 3015; x_wconf 81' lang='lat' dir='ltr'>facilli-</span> 
     </span>
     <span class='ocr_line' id='line_1_18' title="bbox 370 3031 1745 3153; baseline 0.005 -28"><span class='ocrx_word' id='word_1_125' title='bbox 370 3037 440 3125; x_wconf 72' lang='lat' dir='ltr'>me</span> <span class='ocrx_word' id='word_1_126' title='bbox 463 3037 514 3122; x_wconf 90' lang='lat' dir='ltr'>ab</span> <span class='ocrx_word' id='word_1_127' title='bbox 529 3033 754 3152; x_wconf 77' lang='lat' dir='ltr'>aequilibrio</span> <span class='ocrx_word' id='word_1_128' title='bbox 778 3039 965 3144; x_wconf 63' lang='lat' dir='ltr'>recedatt</span> <span class='ocrx_word' id='word_1_129' title='bbox 979 3069 1063 3153; x_wconf 88' lang='lat' dir='ltr'>quo</span> <span class='ocrx_word' id='word_1_130' title='bbox 1080 3031 1238 3121; x_wconf 65' lang='lat' dir='ltr'>receffu‘</span> <span class='ocrx_word' id='word_1_131' title='bbox 1257 3039 1440 3128; x_wconf 67' lang='lat' dir='ltr'>indicans</span> <span class='ocrx_word' id='word_1_132' title='bbox 1453 3040 1516 3124; x_wconf 87' lang='lat' dir='ltr'>vel</span> <span class='ocrx_word' id='word_1_133' title='bbox 1532 3047 1745 3132; x_wconf 78' lang='lat' dir='ltr'>minimam</span> 
     </span>
     <span class='ocr_line' id='line_1_19' title="bbox 369 3143 1747 3274; baseline 0.007 -37"><span class='ocrx_word' id='word_1_134' title='bbox 369 3153 599 3272; x_wconf 82' lang='lat' dir='ltr'>ponderum</span> <span class='ocrx_word' id='word_1_135' title='bbox 626 3151 968 3268; x_wconf 81' lang='lat' dir='ltr'>inaequalitatem,</span> <span class='ocrx_word' id='word_1_136' title='bbox 998 3157 1121 3238; x_wconf 88' lang='lat' dir='ltr'>etiam</span> <span class='ocrx_word' id='word_1_137' title='bbox 1146 3151 1217 3236; x_wconf 84' lang='lat' dir='ltr'>suo</span> <span class='ocrx_word' id='word_1_138' title='bbox 1253 3152 1479 3268; x_wconf 74' lang='lat' dir='ltr'>aequilibrio</span> <span class='ocrx_word' id='word_1_139' title='bbox 1506 3143 1747 3274; x_wconf 76' lang='lat' dir='ltr'>exquisitam</span> 
     </span>
     <span class='ocr_line' id='line_1_20' title="bbox 369 3267 1745 3391; baseline 0.004 -38"><span class='ocrx_word' id='word_1_140' title='bbox 369 3269 598 3386; x_wconf 86' lang='lat' dir='ltr'>ponderum</span> <span class='ocrx_word' id='word_1_141' title='bbox 617 3267 888 3384; x_wconf 77' lang='lat' dir='ltr'>aequalitatem</span> <span class='ocrx_word' id='word_1_142' title='bbox 903 3267 1101 3364; x_wconf 77' lang='lat' dir='ltr'>ostendit5</span> <span class='ocrx_word' id='word_1_143' title='bbox 1124 3270 1167 3353; x_wconf 96' lang='lat' dir='ltr'>id</span> <span class='ocrx_word' id='word_1_144' title='bbox 1187 3270 1302 3384; x_wconf 87' lang='lat' dir='ltr'>quod</span> <span class='ocrx_word' id='word_1_145' title='bbox 1323 3297 1395 3385; x_wconf 89' lang='lat' dir='ltr'>per</span> <span class='ocrx_word' id='word_1_146' title='bbox 1412 3270 1556 3358; x_wconf 83' lang='lat' dir='ltr'>libram</span> <span class='ocrx_word' id='word_1_147' title='bbox 1569 3276 1745 3391; x_wconf 75' lang='lat' dir='ltr'>testiga-</span> 
     </span>
     <span class='ocr_line' id='line_1_21' title="bbox 370 3383 1747 3508; baseline 0.007 -35"><span class='ocrx_word' id='word_1_148' title='bbox 370 3415 473 3473; x_wconf 87' lang='lat' dir='ltr'>mus.</span> <span class='ocrx_word' id='word_1_149' title='bbox 500 3384 586 3471; x_wconf 84' lang='lat' dir='ltr'>ch</span> <span class='ocrx_word' id='word_1_150' title='bbox 603 3413 739 3472; x_wconf 87' lang='lat' dir='ltr'>autem</span> <span class='ocrx_word' id='word_1_151' title='bbox 750 3384 915 3470; x_wconf 79' lang='lat' dir='ltr'>delibrtl</span> <span class='ocrx_word' id='word_1_152' title='bbox 929 3383 1145 3500; x_wconf 65' lang='lat' dir='ltr'>equalium</span> <span class='ocrx_word' id='word_1_153' title='bbox 1159 3384 1421 3470; x_wconf 80' lang='lat' dir='ltr'>brachiotum</span> <span class='ocrx_word' id='word_1_154' title='bbox 1436 3383 1563 3474; x_wconf 67' lang='lat' dir='ltr'>lermo</span> <span class='ocrx_word' id='word_1_155' title='bbox 1578 3391 1652 3492; x_wconf 77' lang='lat' dir='ltr'>est,</span> <span class='ocrx_word' id='word_1_156' title='bbox 1665 3395 1747 3508; x_wconf 77' lang='lat' dir='ltr'>qud</span> 
     </span>
     <span class='ocr_line' id='line_1_22' title="bbox 370 3499 1747 3617; baseline 0.004 -27"><span class='ocrx_word' id='word_1_157' title='bbox 370 3507 644 3590; x_wconf 85' lang='lat' dir='ltr'>communiter</span> <span class='ocrx_word' id='word_1_158' title='bbox 660 3505 719 3588; x_wconf 90' lang='lat' dir='ltr'>uti</span> <span class='ocrx_word' id='word_1_159' title='bbox 746 3499 914 3588; x_wconf 82' lang='lat' dir='ltr'>solemus</span> <span class='ocrx_word' id='word_1_160' title='bbox 935 3536 944 3582; x_wconf 74' lang='grc' dir='ltr'><strong>ε</strong></span> <span class='ocrx_word' id='word_1_161' title='bbox 968 3529 1215 3617; x_wconf 86' lang='lat' dir='ltr'>quamquam</span> <span class='ocrx_word' id='word_1_162' title='bbox 1237 3499 1372 3616; x_wconf 82' lang='lat' dir='ltr'>aliqua</span> <span class='ocrx_word' id='word_1_163' title='bbox 1395 3505 1517 3590; x_wconf 86' lang='lat' dir='ltr'>etiam</span> <span class='ocrx_word' id='word_1_164' title='bbox 1533 3508 1586 3592; x_wconf 87' lang='lat' dir='ltr'>ad</span> <span class='ocrx_word' id='word_1_165' title='bbox 1600 3504 1747 3596; x_wconf 75' lang='lat' dir='ltr'>libram</span> 
     </span>
     <span class='ocr_line' id='line_1_23' title="bbox 370 3616 1747 3736; baseline 0.003 -32"><span class='ocrx_word' id='word_1_166' title='bbox 370 3618 631 3736; x_wconf 84' lang='lat' dir='ltr'>inaequalium</span> <span class='ocrx_word' id='word_1_167' title='bbox 651 3616 910 3732; x_wconf 84' lang='lat' dir='ltr'>brachiorum</span> <span class='ocrx_word' id='word_1_168' title='bbox 929 3624 1193 3733; x_wconf 84' lang='lat' dir='ltr'>proportione</span> <span class='ocrx_word' id='word_1_169' title='bbox 1206 3620 1363 3702; x_wconf 87' lang='lat' dir='ltr'>traduci</span> <span class='ocrx_word' id='word_1_170' title='bbox 1387 3647 1551 3734; x_wconf 87' lang='lat' dir='ltr'>queant.</span> <span class='ocrx_word' id='word_1_171' title='bbox 1587 3625 1648 3708; x_wconf 84' lang='lat' dir='ltr'>Ex</span> <span class='ocrx_word' id='word_1_172' title='bbox 1665 3626 1747 3732; x_wconf 82' lang='lat' dir='ltr'>du-</span> 
     </span>
     <span class='ocr_line' id='line_1_24' title="bbox 400 3731 1750 3854; baseline 0.005 -34"><span class='ocrx_word' id='word_1_173' title='bbox 400 3735 466 3822; x_wconf 94' lang='lat' dir='ltr'>lici</span> <span class='ocrx_word' id='word_1_174' title='bbox 482 3741 613 3852; x_wconf 87' lang='lat' dir='ltr'>capite</span> <span class='ocrx_word' id='word_1_175' title='bbox 627 3731 882 3852; x_wconf 77' lang='lat' dir='ltr'>libram,qui</span> <span class='ocrx_word' id='word_1_176' title='bbox 893 3733 992 3819; x_wconf 87' lang='lat' dir='ltr'>libra</span> <span class='ocrx_word' id='word_1_177' title='bbox 1006 3733 1089 3834; x_wconf 85' lang='lat' dir='ltr'>est,</span> <span class='ocrx_word' id='word_1_178' title='bbox 1101 3735 1327 3854; x_wconf 89' lang='lat' dir='ltr'>ponderum</span> <span class='ocrx_word' id='word_1_179' title='bbox 1342 3737 1557 3843; x_wconf 80' lang='lat' dir='ltr'>gravitates</span> <span class='ocrx_word' id='word_1_180' title='bbox 1569 3766 1649 3852; x_wconf 81' lang='lat' dir='ltr'>prae</span> <span class='ocrx_word' id='word_1_181' title='bbox 1658 3740 1750 3828; x_wconf 84' lang='lat' dir='ltr'>aliis</span> 
     </span>
     <span class='ocr_line' id='line_1_25' title="bbox 369 3765 1746 3970; baseline 0.001 -30"><span class='ocrx_word' id='word_1_182' title='bbox 369 3765 483 3940; x_wconf 79' lang='lat' dir='ltr'>libris</span> <span class='ocrx_word' id='word_1_183' title='bbox 496 3849 695 3970; x_wconf 71' lang='lat' dir='ltr'>exquilite</span> <span class='ocrx_word' id='word_1_184' title='bbox 707 3857 937 3936; x_wconf 82' lang='lat' dir='ltr'>examinare</span> <span class='ocrx_word' id='word_1_185' title='bbox 949 3854 1176 3966; x_wconf 85' lang='lat' dir='ltr'>contingit,</span> <span class='ocrx_word' id='word_1_186' title='bbox 1197 3845 1389 3935; x_wconf 83' lang='lat' dir='ltr'>videlicet</span> <span class='ocrx_word' id='word_1_187' title='bbox 1402 3879 1472 3935; x_wconf 88' lang='lat' dir='ltr'>aut</span> <span class='ocrx_word' id='word_1_188' title='bbox 1484 3881 1535 3940; x_wconf 84' lang='lat' dir='ltr'>ex</span> <span class='ocrx_word' id='word_1_189' title='bbox 1551 3853 1746 3942; x_wconf 86' lang='lat' dir='ltr'>brachio-</span> 
     </span>
     <span class='ocr_line' id='line_1_26' title="bbox 372 3962 1747 4086; baseline -0.001 -28"><span class='ocrx_word' id='word_1_190' title='bbox 372 4001 463 4058; x_wconf 88' lang='lat' dir='ltr'>rum</span> <span class='ocrx_word' id='word_1_191' title='bbox 478 3967 735 4082; x_wconf 72' lang='lat' dir='ltr'>longitudine</span> <span class='ocrx_word' id='word_1_192' title='bbox 750 4029 761 4066; x_wconf 85' lang='lat'>,</span> <span class='ocrx_word' id='word_1_193' title='bbox 777 3995 847 4052; x_wconf 91' lang='lat' dir='ltr'>aut</span> <span class='ocrx_word' id='word_1_194' title='bbox 873 3962 1084 4081; x_wconf 69' lang='lat' dir='ltr'>crispini,</span> <span class='ocrx_word' id='word_1_195' title='bbox 1105 3965 1173 4052; x_wconf 84' lang='lat' dir='ltr'>seu</span> <span class='ocrx_word' id='word_1_196' title='bbox 1194 3969 1322 4052; x_wconf 87' lang='lat' dir='ltr'>centri</span> <span class='ocrx_word' id='word_1_197' title='bbox 1343 3966 1501 4067; x_wconf 80' lang='lat' dir='ltr'>motiis,</span> <span class='ocrx_word' id='word_1_198' title='bbox 1520 3971 1747 4086; x_wconf 72' lang='lat' dir='ltr'>pofition03</span> 
     </span>
    </p>
   </div>
   <div class='ocr_carea' id='block_1_8' title="bbox 143 4083 1749 4204">
    <p class='ocr_par' dir='ltr' id='par_1_8' title="bbox 143 4083 1749 4204">
     <span class='ocr_line' id='line_1_27' title="bbox 143 4083 1749 4204; baseline 0.004 -34"><span class='ocrx_word' id='word_1_199' title='bbox 143 4103 146 4112; x_wconf 79' lang='grc'>’</span> <span class='ocrx_word' id='word_1_200' title='bbox 254 4113 295 4160; x_wconf 89' lang='grc'>.·</span> <span class='ocrx_word' id='word_1_201' title='bbox 372 4083 1301 4204; x_wconf 84' lang='lat' dir='ltr'>reliquaenimimpedimenta,autadjumenta</span> <span class='ocrx_word' id='word_1_202' title='bbox 1314 4089 1523 4170; x_wconf 84' lang='lat' dir='ltr'>materiam</span> <span class='ocrx_word' id='word_1_203' title='bbox 1539 4083 1676 4203; x_wconf 77' lang='lat' dir='ltr'>potitis</span> <span class='ocrx_word' id='word_1_204' title='bbox 1687 4085 1749 4176; x_wconf 81' lang='lat' dir='ltr'>se-</span> 
     </span>
    </p>
   </div>
   <div class='ocr_carea' id='block_1_9' title="bbox 303 4197 1750 4876">
    <p class='ocr_par' dir='ltr' id='par_1_9' title="bbox 368 4197 1393 4325">
     <span class='ocr_line' id='line_1_28' title="bbox 368 4197 1393 4325; baseline -0.012 -34"><span class='ocrx_word' id='word_1_205' title='bbox 368 4229 574 4325; x_wconf 88' lang='lat' dir='ltr'>quuntur,</span> <span class='ocrx_word' id='word_1_206' title='bbox 594 4197 719 4318; x_wconf 72' lang='lat' dir='ltr'>quim</span> <span class='ocrx_word' id='word_1_207' title='bbox 739 4197 848 4284; x_wconf 86' lang='lat' dir='ltr'>librae</span> <span class='ocrx_word' id='word_1_208' title='bbox 865 4199 1047 4286; x_wconf 88' lang='lat' dir='ltr'>fonnam.</span> <span class='ocrx_word' id='word_1_209' title='bbox 1389 4251 1393 4258; x_wconf 86' lang='lat'>-</span> 
     </span>
    </p>

    <p class='ocr_par' dir='ltr' id='par_1_10' title="bbox 303 4305 1750 4792">
     <span class='ocr_line' id='line_1_29' title="bbox 427 4305 1748 4436; baseline -0.002 -31"><span class='ocrx_word' id='word_1_210' title='bbox 427 4323 479 4405; x_wconf 87' lang='lat' dir='ltr'>Et</span> <span class='ocrx_word' id='word_1_211' title='bbox 492 4321 660 4436; x_wconf 82' lang='lat' dir='ltr'>quidem</span> <span class='ocrx_word' id='word_1_212' title='bbox 673 4317 784 4436; x_wconf 91' lang='lat' dir='ltr'>quod</span> <span class='ocrx_word' id='word_1_213' title='bbox 796 4315 848 4402; x_wconf 90' lang='lat' dir='ltr'>ad</span> <span class='ocrx_word' id='word_1_214' title='bbox 863 4315 1121 4401; x_wconf 79' lang='lat' dir='ltr'>brachiorum</span> <span class='ocrx_word' id='word_1_215' title='bbox 1132 4315 1432 4428; x_wconf 79' lang='lat' dir='ltr'>longitudinem</span> <span class='ocrx_word' id='word_1_216' title='bbox 1447 4305 1619 4430; x_wconf 69' lang='lat' dir='ltr'>spedat,</span> <span class='ocrx_word' id='word_1_217' title='bbox 1635 4319 1748 4411; x_wconf 69' lang='lat' dir='ltr'>adeda</span> 
     </span>
     <span class='ocr_line' id='line_1_30' title="bbox 368 4430 1750 4550; baseline -0.006 -22"><span class='ocrx_word' id='word_1_218' title='bbox 368 4469 525 4528; x_wconf 89' lang='lat' dir='ltr'>certum</span> <span class='ocrx_word' id='word_1_219' title='bbox 549 4433 749 4519; x_wconf 79' lang='lat' dir='ltr'>Aristoteli</span> <span class='ocrx_word' id='word_1_220' title='bbox 770 4433 932 4538; x_wconf 80' lang='lat' dir='ltr'>videtur</span> <span class='ocrx_word' id='word_1_221' title='bbox 947 4433 1165 4550; x_wconf 83' lang='lat' dir='ltr'>majoribus</span> <span class='ocrx_word' id='word_1_222' title='bbox 1175 4431 1312 4532; x_wconf 87' lang='lat' dir='ltr'>libris,</span> <span class='ocrx_word' id='word_1_223' title='bbox 1331 4435 1470 4549; x_wconf 86' lang='lat' dir='ltr'>majon&#39;</span> <span class='ocrx_word' id='word_1_224' title='bbox 1487 4430 1639 4518; x_wconf 81' lang='lat' dir='ltr'>scilicet</span> <span class='ocrx_word' id='word_1_225' title='bbox 1654 4435 1750 4525; x_wconf 75' lang='lat' dir='ltr'>bni-</span> 
     </span>
     <span class='ocr_line' id='line_1_31' title="bbox 303 4548 1747 4666; baseline -0.004 -24"><span class='ocrx_word' id='word_1_226' title='bbox 303 4599 305 4605; x_wconf 93' lang='lat'>·</span> <span class='ocrx_word' id='word_1_227' title='bbox 365 4559 555 4648; x_wconf 83' lang='lat' dir='ltr'>chiorum</span> <span class='ocrx_word' id='word_1_228' title='bbox 578 4549 836 4664; x_wconf 83' lang='lat' dir='ltr'>longitudine</span> <span class='ocrx_word' id='word_1_229' title='bbox 857 4551 1056 4666; x_wconf 70' lang='lat' dir='ltr'>preditis,</span> <span class='ocrx_word' id='word_1_230' title='bbox 1072 4548 1314 4636; x_wconf 74' lang='lat' dir='ltr'>&#39;accuratius</span> <span class='ocrx_word' id='word_1_231' title='bbox 1342 4551 1747 4666; x_wconf 75' lang='lat' dir='ltr'>examinari‘pondo-</span> 
     </span>
     <span class='ocr_line' id='line_1_32' title="bbox 363 4663 1749 4792; baseline -0.004 -30"><span class='ocrx_word' id='word_1_232' title='bbox 363 4703 456 4772; x_wconf 85' lang='lat' dir='ltr'>rum</span> <span class='ocrx_word' id='word_1_233' title='bbox 465 4667 758 4792; x_wconf 79' lang='lat' dir='ltr'>aequalitatem,</span> <span class='ocrx_word' id='word_1_234' title='bbox 779 4672 879 4754; x_wconf 84' lang='lat' dir='ltr'>utin</span> <span class='ocrx_word' id='word_1_235' title='bbox 891 4663 1149 4758; x_wconf 86' lang='lat' dir='ltr'>Mecbanicis</span> <span class='ocrx_word' id='word_1_236' title='bbox 1161 4664 1451 4788; x_wconf 82' lang='lat' dir='ltr'>quaestionibuo</span> <span class='ocrx_word' id='word_1_237' title='bbox 1470 4663 1749 4782; x_wconf 84' lang='lat' dir='ltr'>bocprimum</span> 
     </span>
    </p>

    <p class='ocr_par' dir='ltr' id='par_1_11' title="bbox 882 4787 1746 4876">
     <span class='ocr_line' id='line_1_33' title="bbox 882 4787 1746 4876; baseline -0.007 6"><span class='ocrx_word' id='word_1_238' title='bbox 882 4823 885 4830; x_wconf 86' lang='lat'><em>·</em></span> <span class='ocrx_word' id='word_1_239' title='bbox 950 4819 955 4830; x_wconf 89' lang='lat'><strong>·</strong></span> <span class='ocrx_word' id='word_1_240' title='bbox 1688 4787 1746 4876; x_wconf 84' lang='lat' dir='ltr'>ab</span> 
     </span>
    </p>
   </div>
   <div class='ocr_carea' id='block_1_10' title="bbox 452 5015 579 5069">
    <p class='ocr_par' dir='ltr' id='par_1_12' title="bbox 452 5015 579 5069">
     <span class='ocr_line' id='line_1_34' title="bbox 452 5015 579 5069; baseline 0 -44"><span class='ocrx_word' id='word_1_241' title='bbox 452 5017 463 5069; x_wconf 38' lang='grc' dir='ltr'>χ</span> <span class='ocrx_word' id='word_1_242' title='bbox 574 5015 579 5025; x_wconf 94' lang='grc'>.</span> 
     </span>
    </p>
   </div>
   <div class='ocr_carea' id='block_1_11' title="bbox 369 2688 1799 2893">
    <p class='ocr_par' dir='ltr' id='par_1_13' title="bbox 369 2688 1799 2893">
     <span class='ocr_line' id='line_1_35' title="bbox 369 2688 1799 2893; baseline 0.006 -119"><span class='ocrx_word' id='word_1_243' title='bbox 369 2719 443 2893; x_wconf 89' lang='lat' dir='ltr'>per</span> <span class='ocrx_word' id='word_1_244' title='bbox 459 2688 559 2776; x_wconf 89' lang='lat' dir='ltr'>illud</span> <span class='ocrx_word' id='word_1_245' title='bbox 559 2689 792 2890; x_wconf 67' lang='lat' dir='ltr'>lpropofitus</span> <span class='ocrx_word' id='word_1_246' title='bbox 805 2690 1134 2788; x_wconf 72' lang='lat' dir='ltr'>finisobtineturt</span> <span class='ocrx_word' id='word_1_247' title='bbox 1155 2691 1503 2806; x_wconf 84' lang='lat' dir='ltr'>quemadmodum</span> <span class='ocrx_word' id='word_1_248' title='bbox 1520 2720 1593 2808; x_wconf 88' lang='lat' dir='ltr'>per</span> <span class='ocrx_word' id='word_1_249' title='bbox 1611 2696 1745 2812; x_wconf 73' lang='lat' dir='ltr'>fingm</span> <span class='ocrx_word' id='word_1_250' title='bbox 1796 2799 1799 2806; x_wconf 24' lang='grc' dir='ltr'>Ι</span> 
     </span>
    </p>
   </div>
   <div class='ocr_carea' id='block_1_12' title="bbox 0 0 1911 5262">
    <p class='ocr_par' dir='ltr' id='par_1_14' title="bbox 0 0 1911 5262">
     <span class='ocr_line' id='line_1_36' title="bbox 0 0 1911 5262; baseline 0 0"><span class='ocrx_word' id='word_1_251' title='bbox 0 0 1911 5262; x_wconf 95' lang='lat' dir='ltr'> </span> 
     </span>
    </p>
   </div>
  </div>
 </body>
</html>
