3818 5264
265 286 268 292 .
342 179 453 292 'na
577 259 579 264 -
825 156 1247 284 Mecham‘corutrt
1343 157 1346 164 ⁴

805 519 1483 732 canuti]¹
1650 762 1660 778 .

505 853 681 1018 Qem
702 853 772 968 ad
776 855 937 1008 finem
946 854 1216 972 Machina
1240 862 1559 1011 instruantur.
1614 900 1642 923 ”
1667 864 1677 879 ’

440 1141 543 1234 lnis,
558 1128 644 1252 qud
658 1135 824 1224 demum
840 1165 1095 1254 unaquaeque
1107 1139 1212 1224 adio
1228 1137 1411 1236 refertur,
1423 1142 1577 1253 primur
1587 1143 1723 1228 anima

437 1256 688 1366 concipitur,
707 1251 1071 1369 praestituiturque‚
1087 1265 1130 1342 &
1148 1256 1294 1340 idonea
1310 1255 1361 1338 ad
1375 1256 1583 1366 agendum⁴
1598 1253 1636 1342 su
1643 1255 1722 1342 bli-

353 1373 446 1470 dia,
464 1398 552 1485 quae
565 1367 782 1480 deligenda
797 1364 909 1467 lunt,
922 1371 1165 1455 moderatur.
1216 1370 1328 1454 Hinc
1348 1367 1414 1453 ille
1428 1375 1579 1485 primus
1601 1372 1717 1456 nobis

354 1490 401 1570 in
427 1484 506 1578 hale
519 1483 863 1596 contemplatione
882 1489 1059 1574 occurrit
1075 1519 1087 1580 t
1106 1514 1230 1602 quem
1254 1483 1405 1570 scilicet
1421 1486 1472 1570 ad
1490 1485 1613 1570 finem
1633 1517 1722 1571 ma-

355 1603 489 1688 chinae
508 1599 798 1698 instituantur,
822 1597 1072 1689 instruantdr
1102 1631 1153 1686 ue
1172 1663 1184 1700 ‚
1222 1600 1556 1701 confiderandum
1572 1636 1585 1696 3
1600 1630 1653 1708 ut
1671 1603 1725 1688 ad

356 1717 467 1804 hanc
486 1715 597 1832 quasi
616 1713 798 1826 regulam
816 1743 967 1800 caeterae
990 1633 1116 1802 caula
1134 1717 1362 1830 dirigantur
1382 1777 1393 1814 ,
1422 1725 1464 1804 δι
1483 1715 1719 1802 formentur.

322 1891 325 1896 -
355 1832 478 1927 Forte
499 1833 648 1917 dixerit
662 1827 857 1946 quispiam
872 1831 1114 1944 magnifice,
1132 1863 1182 1918 eo
1198 1830 1365 1918 consilio
1377 1830 1623 1936 machinasd
1648 1863 1724 1919 no-

253 1949 257 1962 '
311 1979 314 1991 ’
356 1948 420 2034 bis
432 1950 681 2060 excogitatas
699 1996 717 2044 ,·
737 1974 783 2030 ut
805 1975 998 2032 naturam·
1010 1975 1094 2036 arte
1123 1951 1359 2040 vincamus3
1381 1935 1727 2062 quemadmodum
1776 1947 1778 1952 ’
1904 1933 1905 1952 ³

352 2059 1725 2179 enimscribitAntiphopodtaapudAristoteleminquaest.Mechan.

357 2177 430 2268 sub
444 2183 629 2278 initium,
648 2169 748 2283 π’χνῃ
765 2173 967 2286 κρατοῦμεν,
982 2172 1033 2268 ὦν,
1047 2171 1150 2272 pv‘rrr
1163 2175 1356 2268 νικώμεθα.
1395 2177 1476 2264 Sed
1490 2179 1559 2262 hic
1576 2173 1724 2293 planis.

355 2292 456 2380 sime
470 2288 627 2409 philolo
656 2292 991 2393 handilocusest,
1004 2324 1090 2380 non
1105 2293 1305 2408 'gloriandi
1318 2290 1565 2379 insolentihs.
1586 2298 1726 2409 Qrare

215 2499 218 2508 ,
285 2483 295 2503 ,
354 2399 604 2502 fatendume
657 2405 820 2524 apertd,
836 2409 1023 2497 adhiberi
1039 2406 1725 2496 machinasrnsubhdiuminfirmi-

353 2529 529 2620 tatisaut
539 2525 653 2639 quod
665 2528 814 2612 virium
826 2525 1080 2612 imbecillitas
1089 2555 1191 2624 onus
1204 2523 1297 2610 loco
1312 2527 1728 2628 moveremutomni-

357 2635 832 2752 nd,autnis1aegerrime
847 2637 995 2734 solane
1025 2647 1158 2740 uitet,
1173 2639 1276 2730 illud
1293 2640 1460 2725 demum
1478 2639 1600 2728 facila
1613 2701 1624 2739 ,
1638 2633 1726 2756 qud

357 2752 545 2854 libuerit,'
555 2784 626 2842 aut
640 2757 787 2854 trahat,
800 2784 870 2842 aut
884 2673 1077 2874 impellat,
1094 2785 1164 2844 aut
1179 2761 1302 2844 etiam
1314 2751 1489 2871 expellat
1505 2784 1735 2871 quantum·

262 2950 266 2956 .
313 2955 316 2964 ,
355 2875 420 2962 vis
433 2869 656 2969 reludans,
675 2870 909 2960 simachina
921 2875 1101 2962 accedat.
1331 2943 1334 2950 a
1651 2929 1655 2946 ·

336 3095 339 3106 ,
414 2985 649 3101 Dupliciter
659 3015 797 3072 autem
812 2987 928 3074 instra
937 2987 1173 3106 corporibus
1186 2991 1358 3100 gravitas
1369 2981 1523 3074 obsistit
1533 2988 1730 3084 moventi,

357 3103 453 3192 srab
475 3101 555 3188 alio
569 3105 613 3186 in
629 3101 755 3190 alium
767 3101 904 3189 locum
918 3103 1194 3190 transferenda
1207 3101 1331 3190 fuerit
1354 3141 1362 3188 ε
1385 3099 1606 3218 disparibus
1618 3100 1733 3186 enirn

318 3266 332 3276 ··
359 3223 575 3312 momentis
598 3248 712 3328 mora
723 3219 896 3308 infertur
909 3221 1112 3324 motui,'s1
1126 3220 1196 3304 hic
1214 3215 1343 3304 fluido
1356 3223 1400 3304 in
1422 3245 1589 3332 corpore
1603 3213 1730 3311 acle-

361 3339 506 3452 quaci,
527 3362 629 3448 puta·
640 3337 684 3416 in
695 3347 788 3422 ae're
807 3365 877 3422 aut
892 3335 1020 3452 aqud,
1038 3335 1296 3450 perficiamr,
1315 3365 1362 3418 ac
1380 3334 1409 3422 fi
1429 3328 1546 3450 luprd
1565 3327 1733 3440 solidam

361 3447 727 3567 confistentemque
741 3450 951 3566 planitiem
969 3477 1149 3568 raptetur
1166 3448 1306 3548 moles,
1317 3449 1397 3542 sive
1414 3451 1638 3536 Horizonti
1652 3475 1728 3562 pa·

361 3564 497 3654 rallela
510 3569 642 3680 jaceat
653 3565 860 3682 planities,
874 3569 953 3654 five
965 3565 1077 3652 molli
1091 3593 1162 3656 aut
1176 3565 1302 3650 ardud
1318 3563 1580 3648 inclinatione
1591 3567 1729 3762 cripp-

360 3711 429 3782 tur
443 3686 486 3766 in
501 3681 664 3768 clivum.
706 3685 758 3768 Et
774 3685 942 3801 quidem
958 3684 986 3768 sr
1002 3680 1172 3770 solidum
1183 3683 1228 3766 in
1244 3710 1390 3797 corpus
1410 3710 1494 3786 non
1517 3683 1659 3782 lucum
1689 3706 1734 3762 at

362 3829 489 3896 onm,
502 3793 569 3882 sed
585 3803 630 3882 in
645 3809 737 3882 a'e're
751 3793 976 3915 suspensum
990 3797 1186 3914 pendeat,
1205 3827 1253 3882 ac
1267 3791 1417 3884 sursum
1434 3796 1593 3880 trahere
1608 3823 1733 3910 opor-

241 3956 243 3960 *
363 3943 470 4013 teat,
485 3941 616 3998 certos
628 3913 679 4000 ad
698 3913 873 4000 calculos
889 3918 1068 4000 revocari
1079 3917 1285 4028 gravitatis
1299 3939 1506 3998 momenta
1524 3935 1735 4025 poterunt,

362 4029 512 4150 quibus
528 4028 719 4114 machina
733 4033 992 4145 proportione
1003 4027 1240 4146 respondeat
1250 4063 1259 4110 r
1270 4057 1366 4112 narn
1375 4031 1558 4141 quamvis
1569 4037 1634 4109 a'e‘r
1646 4029 1735 4110 adri

359 4145 520 4263 praestet
533 4150 745 4260 tenuitate,
756 4175 840 4233 non
853 4172 1044 4232 eatamen
1058 4144 1118 4260 est
1130 4142 1416 4230 inlevitatibus
1430 4136 1673 4250 differentia,
1685 4167 1737 4226 ut

364 4265 465 4350 hinc
486 4265 532 4348 in
560 4265 745 4372 gravium
765 4289 984 4374 xcorporum
1009 4266 1224 4350 momentis
1250 4257 1524 4346 diffimilirudo
1544 4253 1736 4356 notabilis
1819 4277 1821 4282 ·

358 4387 524 4468 oriatur·
556 4381 695 4492 Qare
714 4375 814 4468 ficut
828 4375 1029 4462 laberetur
1044 4379 1229 4488 turpiter,
1242 4380 1313 4486 qui
1326 4374 1560 4459 machinam
1575 4369 1733 4466 laxoab

362 4501 446 4582 imo
460 4497 557 4576 rnari
567 4496 620 4578 ad
636 4491 829 4580 summam
839 4490 1091 4607 superficiem
1103 4489 1303 4576 elevando
1313 4521 1451 4606 parem
1463 4487 1736 4585 instrueret‚fi

361 4605 474 4698 nulld
491 4607 594 4695 farta
614 4613 762 4698 virium
780 4609 999 4698 accellrone
1020 4606 1177 4696 illudin
1197 4619 1333 4698 aerem
1345 4609 1504 4697 extrahi
1524 4597 1635 4806 poffse
1659 4601 1735 4804 ssepi

1533 4747 1674 4836 petua
1705 4748 1733 4806 e
1840 4785 1842 4788 -
