3818 5264
368 246 471 348 134
698 228 718 237 ''
829 195 1250 316 Mecianicorum

364 361 492 456 modi>
507 379 728 460 contento,
745 355 873 448 modo
894 358 1051 447 remilio
1072 392 1224 448 conatu
1241 391 1342 480 opus
1365 394 1522 481 urgere.
1565 369 1612 454 ld
1629 376 1736 491 quod

291 513 294 518 ·
365 487 513 603 pariter
528 485 760 592 continget,
780 478 943 593 fioperi
961 479 1043 563 ‘uni
1056 509 1159 594 opus
1174 483 1325 595 duplex
1339 484 1500 568 efficere
1517 482 1734 596 placuerits

367 597 500 686 narnis
514 626 564 682 ex
583 598 625 680 D
644 593 843 710 plumbea
855 588 984 678 maffae
994 594 1200 680 locoalius
1216 597 1390 711 pendeat
1400 629 1529 714 arque,
1541 629 1588 684 ac
1602 605 1734 718 plum-

365 715 478 810 bum,
496 715 627 826 gravis
644 709 834 827 pistillus‚
848 711 1027 830 pondere
1039 711 1275 826 praepollens
1287 713 1464 826 elevabit
1480 715 1673 830 pistillum
1696 727 1736 821 B,
1761 787 1772 804 .

363 831 567 944 aliamque
591 829 757 914 vicissim
777 830 821 910 in
840 827 965 910 altero
991 823 1169 940 subjeilo
1189 833 1379 912 mortario
1400 851 1584 917 conteret
1607 865 1736 922 mate·

271 1025 275 1033 ,
364 953 465 1034 riam
481 943 621 1060 sponte
634 941 703 1028 suri
713 943 1074 1060 tadenstcumque
1087 943 1325 1058 pistillorum
1338 951 1554 1058 gravitates
1569 980 1652 1034 non
1664 955 1736 1038 ad-

364 1064 533 1150 modum
546 1063 652 1144 inter
666 1057 704 1144 se
715 1057 890 1174 dispares
903 1057 1000 1156 fiat,
1014 1089 1149 1173 neque
1164 1059 1337 1144 multum
1351 1059 1498 1168 laboris
1512 1095 1608 1150 eum
1627 1065 1735 1152 subi-

364 1209 407 1268 re
420 1168 686 1273 neceffeerit,
706 1171 978 1287 cui-pistillum
1000 1179 1029 1253 B
1047 1174 1301 1291 deprimendi
1318 1207 1467 1265 munus
1480 1183 1694 1268 incumbit.

418 1291 522 1409 Qui
536 1297 579 1376 iu
595 1321 659 1391 re,
674 1290 702 1374 st
716 1317 850 1374 motus
863 1285 1069 1375 universus
1080 1295 1136 1374 ita
1152 1291 1351 1376 tribuatur
1364 1297 1413 1376 iu·
1419 1323 1571 1409 partes,
1588 1325 1633 1382 ut
1644 1330 1738 1386 tun.

361 1413 497 1500 dentis
544 1409 682 1520 uidem
706 1411 905 1490 motiones
927 1405 1091 1516 lingulae
1120 1406 1278 1492 seorim
1303 1405 1550 1523 spetlentuu
1571 1445 1654 1498 non
1672 1416 1746 1504 ille·

364 1437 548 1644 mostell
562 1522 739 1641 sejuvari
753 1519 892 1621 sentit,
907 1525 1057 1638 quippe
1072 1551 1196 1638 quem
1206 1574 1218 1622 ,
1234 1552 1377 1640 prater
1386 1526 1489 1610 uires
1503 1529 1553 1614 ad
1569 1536 1739 1616 commi-

364 1637 572 1732 nuendarn
598 1643 806 1754 materiam
833 1632 1103 1737 necessarias,
1137 1667 1328 1724 conatum
1351 1671 1515 1756 quoque
1541 1644 1738 1732 adhibere

362 1785 524 1873 oportet
532 1757 585 1843 ad
604 1756 846 1842 vincendam
856 1754 1196 1870 praeponderantia
1211 1755 1389 1870 plumbi,
1402 1787 1474 1843 aut
1493 1758 1628 1874 pistilli
1650 1791 1738 1874 gra·

361 1879 542 1960 vitatem.
580 1871 785 1958 Caeteritm
807 1869 1140 1968 srtotiusmotlls,
1159 1879 1231 1986 qui
1250 1872 1339 1958 Arsi
1354 1878 1504 1987 pariter
1516 1874 1673 1962 constat
1688 1909 1737 1964 ac

363 1989 489 2076 Thesr
504 2051 513 2088 ,
528 1986 727 2074 habeatur
737 1993 838 2073 ratio
849 2049 859 2086 ,
872 1986 1044 2072 inficiari
1061 2015 1184 2070 nemo
1196 1993 1365 2102 poterit,
1382 1992 1518 2074 minus
1530 1991 1661 2078 multo
1676 1993 1736 2080 la.-

362 2104 473 2192 boris
484 2105 688 2220 impendi,
704 2103 827 2222 quim
844 2105 972 2188 srhaec
985 2107 1122 2199 omnia
1133 2101 1284 2188 lublata
1294 2103 1587 2216 intelligantur.
1617 2115 1734 2227 Qa-

360 2251 404 2306 re
421 2249 498 2312 nec
522 2225 796 2334 incongruum
819 2216 976 2336 prorsus
996 2218 1181 2306 videatur
1196 2215 1329 2302 motlls
1348 2219 1588 2306 machinalis
1608 2255 1732 2311 vota·-

361 2336 519 2436 bulum,
534 2367 629 2422 cum
642 2333 831 2424 versatilis
846 2331 998 2448 tigillus
1015 2335 1107 2419 CD
1123 2335 1175 2418 ad
1187 2333 1296 2420 librat
1313 2337 1508 2420 Rationes
1518 2338 1736 2429 manifesto

349 2479 587 2552 revocetur,
596 2482 718 2570 quam
731 2451 843 2539 certe
854 2481 905 2541 ex
918 2449 1200 2560 machinarum
1210 2449 1302 2534 albo
1316 2479 1436 2536 neruo
1448 2459 1663 2567 expungit,
1673 2461 1738 2540 ni-

298 2568 300 2576 ’
358 2568 472 2684 srqui
487 2565 584 2652 solas
594 2572 778 2684 quinque
790 2566 1015 2661 facultates,
1029 2573 1172 2680 &quae
1181 2595 1232 2650 ex
1246 2567 1310 2652 his
1325 2595 1640 2682 componuntur,
1649 2601 1737 2658 ma·

361 2683 505 2770 chinas
520 2685 736 2798 indigitare
757 2682 957 2780 voluerit,
979 2690 1022 2769 δι
1043 2677 1188 2768 libram
1215 2683 1268 2769 ad
1292 2685 1450 2768 utilem
1472 2684 1611 2772 referri
1629 2683 1739 2803 polle

360 2826 603 2918 pernegarit.
1291 2815 1305 2830 '
1458 2911 1460 2916 .

418 2919 512 3002 Nec
523 2914 713 3002 diffimilis
727 2913 907 3002 ineunda
921 2915 1255 3002 videturdicendi
1270 2919 1394 3016 ratio,
1408 2913 1437 3000 li
1451 2915 1551 3032 quid
1567 2915 1733 3006 alternis

359 3032 554 3118 ciendum
568 3030 744 3118 motibus
760 3033 812 3116 src
829 3030 1156 3146 dilponitur,ut,
1168 3062 1264 3118 turn
1277 3031 1453 3148 primitur
1464 3036 1631 3148 quidem
1644 3067 1736 3122 mo-

360 3177 508 3248 vetur„
528 3178 673 3264 corpus
689 3147 802 3236 aliud
821 3151 863 3233 vi
886 3146 1100 3248 fleuatur,
1126 3150 1239 3264 quod
1264 3147 1523 3263 postmodum
1541 3149 1737 3240 facultate

360 3263 524 3350 elastiei
544 3323 557 3364 ‚
586 3267 625 3352 se
649 3263 860 3349 restituens
878 3263 980 3350 illud
1000 3265 1166 3349 viciffrm
1181 3293 1368 3359 moveats
1388 3268 1736 3381 quemadmodum

360 3382 496 3498 paffim
521 3385 563 3464 in
580 3409 722 3466 eorum
742 3381 914 3466 officinis
929 3381 1068 3465 videre
1082 3378 1171 3480 est,
1198 3385 1270 3494 qui
1287 3382 1406 3467 rudes
1427 3379 1643 3480 arborum,
1665 3413 1738 3468 aut

359 3495 614 3612 elephantini
625 3499 757 3584 dentis
802 3493 988 3581 attitulas
1004 3499 1048 3580 in
1066 3522 1292 3580 toreumata
1312 3495 1522 3584 elaborant
1536 3534 1545 3580 t
1559 3498 1738 3614 primum

288 3717 294 3726 ¹
359 3616 472 3698 enim
486 3613 630 3698 artifex
649 3615 754 3729 pede
765 3525 987 3730 llbjettum
1007 3615 1163 3714 veilem
1181 3639 1391 3727 premens,
1405 3619 1640 3698 toreumain
1655 3643 1735 3727 gy·-

361 3757 451 3812 rurn
465 3729 602 3828 ducit,
620 3725 904 3846 hastulimque
927 3725 1128 3844 superiore
1146 3727 1299 3814 inloto
1316 3729 1481 3844 positam
1498 3733 1654 3846 pariter
1667 3737 1735 3816 in-

359 3841 508 3938 fleuiu
525 3875 614 3960 qua
635 3843 707 3930 srbi
720 3876 816 3930 mox
836 3844 947 3930 suam
957 3873 1143 3961 reparans
1156 3844 1734 3946 reiiitudinemffunicuium-

391 3991 442 4045 ue
451 3959 680 4073 cylindrulo
693 3957 861 4046 versatili
872 3959 1224 4075 circumplicatum
1234 3963 1455 4058 retrahens,
1467 3959 1567 4047 illud
1585 3962 1738 4050 iterum

359 3992 427 4164 iqua
437 4107 511 4192 per
520 4075 689 4188 vestigia
704 4073 855 4176 versat,
873 4105 918 4160 ut
933 4075 1124 4162 accurate
1138 4071 1419 4192 exquisitique
1438 4103 1633 4162 tornetur.
1665 4083 1734 4166 Sic

358 4191 513 4308 aliquid
531 4188 728 4278 subtiliter
738 4222 785 4277 ac
797 4190 972 4279 delicate
987 4191 1183 4294 secturus,
1200 4221 1245 4278 ut
1267 4189 1455 4278 serrulam
1473 4190 1580 4278 reiii
1596 4192 1733 4279 addu-
1760 4279 1767 4287 ,

358 4335 446 4406 cas,
462 4305 732 4424 reduiisque,
749 4339 775 4393 o
803 4339 879 4394 erae
890 4307 1049 4396 tantiam
1059 4305 1253 4409 semiiiem
1266 4308 1341 4393 tibi
1349 4306 1579 4408 reservans,
1592 4337 1736 4398 arcum

299 4519 303 4528 ⁵
356 4427 563 4508 intentum
575 4453 628 4510 ex
644 4337 809 4511 adverlia
823 4425 1008 4524 statuito‚
1025 4453 1074 4509 at
1089 4427 1226 4513 medio
1240 4454 1366 4510 nervo
1384 4421 1573 4510 serrulam
1588 4422 1732 4536 alliga·

299 4652 303 4660 ‚
358 4540 510 4632 rothae
520 4543 631 4624 enim
642 4541 818 4630 adducti
829 4545 957 4654 magis
969 4537 1154 4630 flettona
1166 4569 1282 4630 arcus
1295 4601 1307 4642 ,
1322 4544 1394 4660 qui
1410 4537 1500 4631 sose
1510 4570 1607 4630 mox
1619 4538 1734 4626 reliia

354 4681 472 4748 tuens
488 4653 775 4750 illamvitiffim
785 4659 964 4750 reducet.
1500 4698 1527 4732 ν
1622 4773 1669 4858 H

575 4805 579 4812 ’
1670 4801 1729 4862 aec
