3932 5274
382 167 534 312 1728.
707 205 718 213 “
877 151 1333 309 ,Machameum
1437 201 1522 275 ’π

428 319 754 434 compressionem
777 349 847 408 aut
872 321 1184 438 depteffionem,
1205 315 1276 406 aut
1295 321 1471 434 partium
1482 322 1688 423 attritum,
1702 353 1801 428 tune

430 437 563 524 multi)
584 445 717 524 miuot
735 439 795 524 est
818 438 1005 536 reflexio,
1027 440 1123 550 quia
1148 437 1249 522 dum
1264 433 1444 522 ¹tuvicem
1462 435 1613 520 cedunt
1631 499 1643 534 2
1662 435 1801 558 aliquo

431 583 616 670 tempore
630 553 749 638 durat
765 552 982 638 resistentia
996 613 1007 650 ,
1021 549 1235 664 'multdque
1252 548 1381 662 magis
1394 555 1591 636 minuitur
1602 557 1798 670 impetus:

431 672 474 756 id
491 672 601 786 quod
616 671 752 754 adhuc
775 667 904 782 magis
932 663 1160 783 contingit,
1189 661 1217 750 st
1241 663 1280 750 so
1304 665 1482 758 invicem
1504 697 1721 754 conterant
1730 685 1798 771 ,&

429 783 793 904 pauiculaealiquae
806 791 975 900 majores
988 781 1173 868 resrfiant.
1448 875 1450 878 ¹

357 987 360 992 ,
491 907 1019 1016 Qaproptercumincerta
1034 894 1270 1012 sempet,.&
1289 897 1396 984 varia
1413 894 1458 978 stt
1472 899 1702 1014 complexio
1717 903 1794 992 hu-

428 1016 611 1128 jusmodi
629 1015 939 1100 refistenuarum
963 1024 1006 1100 &
1024 1012 1263 1110 cessionum,
1277 1013 1393 1120 juxta
1412 1017 1560 1096 variam
1583 1047 1796 1132 corporum

429 1133 763 1248 temperationem
773 1166 786 1227 3
805 1159 852 1216 ut
864 1127 1095 1214 reflexiouis
1111 1155 1231 1214 certae
1250 1127 1397 1238 regula:
1411 1126 1655 1229 statuantur,
1671 1131 1796 1218 semo.

429 1256 479 1332 tis
495 1253 564 1346 iis,
578 1276 668 1360 quat
684 1247 938 1362 percussionis
959 1239 1178 1340 accidunt,
1195 1241 1481 1328 consideranda
1503 1252 1544 1328 dc
1563 1245 1795 1350 assumenda

425 1363 485 1450 est
499 1361 719 1448 resistentia
736 1358 815 1448 abs
833 1391 885 1446 ue
902 1355 982 1444 ullal
1000 1357 1190 1456 cessione,
1205 1359 1372 1474 perinde
1391 1387 1514 1471 atque
1528 1359 1555 1444 fi
1569 1363 1792 1450 dutiffirno-

427 1509 517 1566 rum
534 1505 748 1592 corporum
762 1393 913 1562 tollisto
930 1475 1055 1571 fieret.

484 1597 595 1682 Cum
604 1597 743 1710 itaque
753 1597 798 1677 in
808 1591 1050 1691 reflexione,
1065 1593 1242 1706 corporis
1257 1589 1350 1676 duri
1365 1587 1409 1674 in
1427 1591 1536 1681 aliud
1550 1593 1791 1698 decidentis,

419 1739 497 1798 aut
515 1709 699 1824 impasti,
718 1715 851 1794 motus
871 1711 923 1794 ad
939 1736 1089 1793 novam
1103 1706 1254 1790 lineam
1274 1707 1494 1822 dirigatur,
1509 1739 1613 1794 nova
1625 1713 1716 1796 haec
1733 1717 1790 1820 di·

418 1829 552 1912 rectio
563 1829 689 1908 oritur
701 1855 752 1910 ex
765 1821 873 1910 lineal
884 1827 1113 1910 diredliouis
1125 1825 1264 1936 prioris
1278 1821 1614 1936 motlisquatenus
1632 1858 1790 1944 compa-

426 1939 619 2026 caticum
641 1938 761 2054 plano
775 1937 1030 2036 resedente,
1053 1937 1242 2023 videlicet
1258 1967 1456 2052 quatenus
1472 1939 1524 2022 ad
1546 1939 1645 2026 illud
1671 1943 1789 2030 incli-

426 2082 573 2152 natur,
599 2063 641 2141 dc
662 2083 757 2140 cum
782 2086 835 2140 eo
859 2053 1056 2170 angulum
1077 2050 1289 2138 coustituit
1319 2059 1363 2138 iu
1391 2057 1541 2170 punclo
1571 2059 1787 2182 contuitis.

426 2169 607 2286 Qaudo
625 2197 762 2256 autem
784 2167 1013 2286 superficies
1039 2165 1216 2277 corporis
1235 2167 1475 2254 reflectentis
1506 2199 1557 2252 eo
1579 2169 1697 2270 loco,
1722 2177 1788 2261 ubi

421 2289 661 2402 percutitur,
679 2285 798 2399 plana
810 2317 893 2370 nou
905 2285 978 2384 est,
994 2280 1060 2370 sed
1075 2313 1257 2370 convexa
1274 2291 1285 2378 l
1301 2285 1424 2378 simile
1439 2287 1538 2398 quid
1552 2287 1787 2391 dicendum,
1813 2373 1817 2384 ,

421 2399 724 2496 stcavasuetit)
742 2399 823 2486 five
843 2397 1032 2517 sphaerica
1043 2397 1208 2496 stt,s1ve
1220 2396 1427 2514 Elliptica,
1447 2398 1528 2484 stve
1544 2403 1717 2501 conica,
1728 2438 1789 2490 re-

422 2513 516 2603 verd
539 2513 697 2600 nullum
719 2514 777 2600 ibi
798 2515 857 2600 est
875 2515 1041 2632 planum
1066 2511 1276 2598 reflectens
1308 2516 1403 2612 (nist
1429 2513 1533 2606 forte
1556 2515 1786 2630 hujusmodi

422 2661 623 2716 convexas
638 2629 865 2746 superficies
888 2661 939 2714 ex
955 2626 1136 2744 plurimis
1154 2628 1279 2744 planis
1297 2635 1472 2716 minimis
1489 2629 1682 2716 constitui
1710 2637 1782 2720 fin·

423 2761 517 2860 gaes,
546 2745 888 2860 quemadmodum
906 2738 1049 2828 circuli
1067 2743 1334 2871 peripheriam
1362 2775 1413 2830 ex
1440 2745 1609 2830 infinitis
1632 2749 1785 2836 lineolis

422 2865 565 2960 restis,
584 2891 755 2976 quatum
769 2859 967 2945 rectitudo
985 2855 1142 2942 sensum
1152 2888 1314 2944 omnem
1324 2861 1475 2974 fugiat,
1493 2871 1682 2976 componi
1699 2873 1783 2980 opi-

424 3004 575 3062 nantur
599 2975 749 3088 aliqui)
784 2971 852 3062 sed
880 2971 1150 3060 communiter
1175 3003 1312 3107 mente
1339 2977 1577 3090 concipiunt
1605 2980 1782 3092 planum,

424 3092 536 3204 quod
573 3095 618 3174 in
663 3093 813 3204 puncto
854 3087 1107 3204 percullionis
1146 3115 1330 3199 tangeret
1384 3091 1633 3200 superficiem
1683 3129 1780 3182 cou-

423 3219 589 3302 vexam3
609 3215 717 3292 &ex
733 3204 804 3290 illo
824 3203 995 3317 angulos
1018 3201 1104 3291 tiam
1126 3205 1361 3290 Incideutiae
1386 3269 1396 3305 ,
1419 3207 1507 3295 tluu
1534 3209 1781 3298 Reflexioui's

421 3321 638 3408 definiunt.
1212 3359 1215 3373 ‚

480 3433 607 3522 Porro
632 3437 796 3546 planum
819 3435 1028 3522 refletunt
1055 3435 1191 3552 (quod
1216 3436 1382 3550 quidem
1403 3437 1547 3547 speclat
1566 3443 1618 3528 ad
1636 3475 1781 3532 novam

422 3549 686 3639 directionem
697 3548 830 3638 motlis
847 3551 1097 3644 statuendam
1117 3557 1273 3660 corpori
1297 3559 1560 3658 percutienti,
1577 3589 1701 3673 quem
1714 3591 1782 3668 po.

422 3699 565 3754 namus
582 3662 659 3753 esse
687 3664 1014 3782 globumlitase
1041 3665 1191 3751 habere
1211 3669 1394 3766 videtur,
1420 3700 1467 3754 ac
1494 3673 1521 3754 st
1548 3677 1591 3754 iu
1618 3675 1782 3786 globum

421 3781 695 3899 quiescentem
713 3812 827 3866 motu
851 3780 1036 3890 parallelo
1055 3781 1485 3894 impingeretutlpsum
1497 3785 1662 3900 planum
1673 3820 1781 3884 tanto

358 4005 361 4010 Ι
421 3902 760 4014 impetmquanco
777 3902 929 4004 impetu
940 3897 1066 3982 fertur
1079 3897 1223 4008 globus
1239 3897 1426 3986 advertiis
1440 3901 1601 4006 planum
1615 3943 1623 3986 :
1635 3907 1662 3990 [ι
1673 3913 1781 3998 enim

414 4045 470 4098 ex
496 4012 655 4098 duobus
672 4011 814 4095 collifis
835 4013 1005 4096 alterurn
1021 4011 1211 4126 quiescit,
1231 4013 1401 4097 alterum
1427 4045 1634 4120 movetur,
1653 4027 1704 4111 ad
1719 4061 1778 4114 ra.

418 4135 573 4228 tionem
587 4121 684 4212 ictus
697 4127 753 4212 nil
771 4127 913 4225 refert,
928 4155 1064 4212 utrum
1082 4127 1241 4212 illorum
1259 4125 1456 4242 quiescat,
1475 4162 1546 4216 aut
1561 4165 1779 4244 moveatur,

414 4239 543 4332 modi>
559 4271 700 4326 caetera
719 4242 855 4328 omnin
876 4247 983 4353 paria
1006 4243 1178 4338 sutrium
1193 4243 1244 4328 ad
1267 4243 1571 4336 ratiouetnverd
1591 4255 1775 4344 reflexio.

416 4369 502 4459 nis,
520 4353 602 4473 qul
619 4359 785 4442 reflexio
805 4359 885 4456 est,
901 4361 1123 4444 attenditur
1140 4357 1373 4464 potilllmum
1389 4361 1589 4446 ordinatio
1603 4365 1717 4457 novae
1732 4376 1778 4458 li.

411 4505 496 4559 neae
513 4466 667 4568 moniis,
690 4503 779 4586 quae
797 4505 848 4558 ex
861 4471 1055 4558 obstaculi
1067 4473 1515 4586 pofitionedesumitut‚
1529 4481 1636 4568 oded
1654 4517 1776 4576 utno-

408 4621 459 4674 va
472 4589 577 4676 linea
589 4587 841 4690 directionis,
858 4618 1059 4702 quatenus
1074 4586 1097 4676 d
1112 4589 1231 4700 plano
1247 4588 1482 4678 reflectente
1502 4601 1679 4710 pendet,
1698 4601 1776 4698 &l

1640 4749 1775 4804 Gentio
