3818 5264
441 155 888 386 'Liberlecundus.
922 231 1141 357 CAPuT
1162 243 1230 382 V,
1263 283 1266 288 “
1431 223 1536 393 ιό9

156 399 268 502 dias,
278 391 417 488 minbs
431 403 563 512 gravis
572 397 726 506 tardilrs
734 427 943 497 moretum
956 409 1011 487 ita
1023 407 1267 517 gravitatum
1278 403 1540 522 inaequalium

158 547 236 634 par
250 517 297 600 srt
309 515 557 614 refistenn‘a,
574 517 704 632 srquae
724 519 829 600 inter
846 523 1061 630 gravitates
1074 519 1289 604 intercedit
1306 523 1451 622 Ratio,
1473 554 1539 611 ea·
1628 575 1633 583 ν

126 679 132 688 ·
158 633 261 720 dem
285 631 495 750 reciprote
513 636 621 716 inter
641 629 880 716 velocitates
902 638 1143 719 inveniatur.
1180 631 1541 752 Quemadmodum

156 753 559 946 enimquaecum‘qne
574 745 696 834 calori
715 743 997 849 adversantur,
1011 750 1358 836 vehementiorem
1374 757 1542 869 quidem

159 862 399 949 validissime
413 893 466 948 are
483 891 642 978 punur,
673 863 942 950 tenuiffimum
962 860 1063 952 verb
1086 864 1279 965 facillime
1297 869 1540 966 admittunts

158 979 276 1066 haud
296 975 440 1094 dispari
463 982 619 1064 ratione
636 979 845 1094 pondera,
865 981 893 1064 sr
911 979 1095 1067 velocius
1123 987 1291 1068 incitare
1315 973 1419 1070 ‘velis
1437 1050 1449 1087 ,
1465 992 1543 1072 im·

157 1094 326 1212 pensiles
343 1093 613 1195 inludantur,
628 1097 799 1180 minimo
811 1125 859 1182 ac
876 1097 1098 1183 tardiilimo
1110 1103 1241 1182 motui
1253 1097 1445 1189 leviffime
1463 1103 1540 1189 ob'·

159 1211 320 1298 fistunt.

224 1333 434 1446 Qoniam
444 1330 578 1442 igitur
590 1322 733 1412 natural
744 1325 962 1412 definitum
975 1325 1059 1426 est,
1079 1357 1274 1447 quantam
1288 1333 1541 1446 gravitatem,

160 1444 400 1560 quantique
420 1443 649 1542 velocitate,
661 1471 735 1558 pro
755 1441 867 1528 certd
880 1443 1048 1560 impreffi
1061 1443 1235 1560 impetus
1251 1442 1445 1548 mensuri,
1454 1479 1544 1535 nto·
1657 1492 1658 1496 κ

160 1589 261 1646 vere
285 1560 399 1676 polilt
420 1563 607 1664 Potentia
626 1585 829 1674 concepto
846 1563 1032 1673 impetu,
1060 1567 1131 1676 qni
1156 1588 1229 1675 pro
1253 1561 1338 1648 rati
1355 1565 1543 1676 portione

162 1672 405 1794 respondeat
419 1679 593 1789 impetui
612 1703 735 1790 quem
758 1671 826 1757 illa
845 1677 958 1758 oneri
972 1678 1189 1788 imprimit,
1202 1703 1249 1760 ut
1264 1681 1451 1763 Potentia
1465 1713 1486 1778 ,'
1499 1691 1542 1771 be

162 1790 424 1908 onusaequnli
442 1789 657 1876 velocitate
676 1817 939 1884 moveantur5
959 1785 1047 1872 bris
1060 1789 1398 1878 constateandem
1413 1798 1543 1910 impe-

161 1905 232 1993 tus
248 1905 476 1992 mensuram
489 1934 628 2020 parem
642 1897 721 1990 effe
739 1905 943 1989 movendo
960 1909 1074 1992 oneri
1091 1910 1266 2018 graviori
1280 1908 1334 2005 ,Ἠ
1355 1907 1436 2023 qud
1455 1911 1542 1994 Ra-

163 2027 279 2108 tione
286 2021 483 2139 posterior
498 2024 588 2108 haec
605 2021 780 2132 gravitas
793 2023 969 2134 priorem
985 2029 1224 2130 gravitatem
1234 2025 1384 2121 vincit,
1399 2021 1546 2111 eidem

161 2136 401 2254 Reciprocb
421 2141 597 2222 Ratione
612 2140 754 2252 prioris
768 2135 960 2221 velocitas
974 2133 1202 2250 posterioris
1229 2137 1456 2222 tarditatem
1476 2137 1544 2224 su·

161 2279 304 2370 perets
317 2251 536 2368 utrobique
556 2248 708 2336 scilicet
728 2280 798 2368 par
816 2251 877 2335 est
898 2249 1141 2350 refistentia,
1156 2281 1204 2336 ac
1218 2255 1388 2366 proinde
1401 2252 1453 2338 ab
1472 2253 1545 2340 etl-

160 2372 266 2456 dem
276 2367 461 2484 potentii
474 2371 583 2452 vinti
597 2365 739 2482 potest.
765 2364 877 2453 Cum
893 2369 1084 2466 enimet,
1104 2397 1194 2483 quae
1209 2367 1321 2450 fimul
1342 2368 1549 2483 aequaliter

161 2511 409 2583 moventur,
427 2483 572 2598 aequali
590 2488 746 2597 impetu
766 2480 972 2576 feranturs
986 2482 1014 2565 sr
1026 2486 1212 2569 Potentia
1225 2479 1309 2568 tarn
1321 2482 1437 2570 tarde
1452 2514 1547 2570 mo-

160 2617 333 2690 'veretnr
347 2627 396 2686 ac
408 2599 568 2716 pondus
584 2625 657 2712 per
669 2597 915 2696 machinam,
930 2597 1131 2710 indigeret
1143 2603 1299 2797 impetu
1310 2628 1373 2684 ex.
1383 2623 1443 2713 gr.
1458 2597 1549 2685 sub-

161 2713 390 2833 quintuplo
407 2719 496 2828 ejus
512 2743 596 2828 quo
612 2711 680 2796 illa
697 2739 886 2798 movetur
907 2713 1125 2829 quintuplo
1146 2744 1196 2798 ve
1213 2712 1326 2800 ocids
1346 2744 1394 2798 ac
1417 2719 1431 2800 i
1462 2713 1550 2822 sum

162 2832 346 2920 Ponduss
391 2826 549 2916 Veniam
574 2832 747 2942 impetus
772 2825 842 2914 bic
862 2827 1176 2944 subquintuplus
1200 2833 1363 2944 ineptus
1384 2743 1481 2914 elldt
1496 2831 1550 2918 ad

161 2949 307 3038 oneris
318 2941 581 3031 relisttniiam
594 2942 811 3061 quintuplo
821 2943 908 3030 fere
918 2947 1113 3060 majorem
1127 2945 1373 3032 vincendam
1379 2979 1392 3040 s
1408 2943 1474 3030 std
1487 2943 1552 3029 so·

168 3055 828 3178 lumsuperarepolletacmovere
849 3061 1081 3176 §ponderin
1112 3063 1310 3176 Qinque
1328 3064 1455 3173 igitur
1470 3065 1551 3146 im·
1587 3095 1599 3104 ·

162 3221 289 3311 petus
302 3193 402 3279 huic
413 3193 585 3310 aequales
597 3187 759 3310 poliunt
773 3219 899 3276 totam
920 3189 1181 3278 relillentiam
1195 3189 1390 3306 superare.
1435 3191 1551 3274 Cum

165 3315 311 3425 itaque
336 3313 380 3392 in
396 3337 513 3394 motu
534 3307 753 3426 quintuplo
771 3305 965 3394 velociori
981 3310 1177 3391 Potentiae
1198 3305 1246 3390 srt
1261 3303 1358 3390 vere
1375 3308 1551 3419 impetus

164 3423 434 3541 quintuplus⁹
447 3428 597 3542 poterit
615 3429 739 3508 etiarn
758 3422 917 3510 elevare
929 3423 1111 3538 pondus,
1129 3420 1241 3536 qnod
1256 3419 1316 3506 est
1330 3417 1551 3535 quintuplo

163 3536 460 3656 majus,qua⁸m
474 3539 707 3656 fit'}ips1us.
752 3536 911 3628 Vtrum
932 3537 1003 3623 hic
1019 3535 1088 3620 ubi
1102 3537 1156 3620 de
1177 3533 1311 3620 motds
1334 3536 1551 3622 velocitate

136 3691 139 3700 ’
166 3663 406 3765 sermoest,
431 3697 518 3752 non
541 3672 574 3753 is
598 3671 765 3788 quidem
782 3667 964 3755 absolute
982 3671 1244 3785 accipiendus
1261 3671 1350 3768 ests
1378 3669 1445 3758 nd
1468 3667 1552 3786 qud

97 3799 99 3802 ’
167 3803 289 3900 porte
321 3784 509 3898 gravium
534 3813 688 3900 naturae
711 3812 950 3902 repugnat:
982 3784 1145 3869 fienlm
1170 3784 1385 3902 plumbeus
1405 3787 1550 3902 globus

168 3905 213 3984 A
238 3927 291 3983 ex
316 3901 361 3984 C
400 3899 630 4016 dependeat
653 3900 840 3988 funiculo
868 3901 1010 4003 CA,·
1032 3911 1075 3988 δι
1098 3895 1208 3986 cited
1236 3901 1460 3990 versatilem
1481 3932 1550 3984 or-

168 4011 358 4098 biculum
394 4019 427 4098 Β
465 4015 598 4102 stabili
634 4022 701 4102 axi
732 4017 908 4101 infixum
937 4019 1113 4100 ducatur
1152 4015 1266 4100 filum
1302 4021 1552 4102 connestens

168 4127 317 4242 globos
342 4131 381 4214 A
400 4139 442 4215 δι
462 4133 533 4231 D,
550 4159 709 4218 certum
729 4134 897 4249 quidem
918 4129 978 4216 est
1004 4131 1174 4244 globum
1198 4135 1267 4232 A,
1299 4134 1326 4217 fi
1354 4129 1551 4248 usquead

166 4247 476 4362 Bpeweniat‚
521 4249 778 4334 tantumdem
812 4245 924 4366 spatij
961 4253 1004 4332 in
1036 4277 1134 4332 arcu
1171 4250 1251 4332 AB
1289 4275 1548 4363 percurrere,
1666 4352 1669 4362 .

168 4387 259 4444 non
285 4385 425 4449 tamen
447 4365 702 4449 tantumdem
727 4361 973 4460 ascendere,
1002 4391 1201 4480 qnantum
1236 4361 1395 4476 globus²
1411 4367 1456 4449 D
1489 4363 1563 4450 st.-

170 4472 359 4560 cundiam
383 4479 533 4561 restam
564 4479 648 4563 BD
672 4475 884 4566 deseendit
905 4515 917 4573 ς
942 4475 1009 4563 sed
1029 4475 1236 4565 ascensum
1263 4483 1431 4563 metitur
1444 4484 1490 4565 ‘A
1502 4481 1551 4580 E,

170 4593 369 4675 nirnirum
400 4595 519 4677 Sinus
556 4591 704 4680 Versus
737 4591 854 4680 arctis
894 4599 1014 4691 AB,
1043 4593 1117 4707 qui
1150 4597 1286 4677 minor
1313 4593 1373 4680 est
1405 4597 1553 4692 eodem

82 4711 103 4750 ¹
166 4733 270 4792 artu
296 4710 444 4806 (arcus
456 4708 655 4825 siquidem
681 4716 810 4828 major
828 4709 890 4798 est
913 4705 1020 4796 resti
1050 4715 1137 4795 AB
1168 4705 1276 4794 linei
1301 4707 1429 4830 ipsum
1454 4709 1550 4798 snb-
