3918 5262
581 171 738 286 Liber
742 177 949 337 prinus.
995 164 1207 288 CnuuT
1226 177 1292 288 ll.
1589 234 1613 341 5

234 319 366 448 verres
379 329 498 447 globi
512 337 628 420 vitrei
639 365 735 422 cum
745 332 919 448 appenso
932 330 1101 449 plumbo
1116 341 1355 446 gravitatem
1371 349 1511 456 augeri
1519 382 1531 442 3
1545 351 1617 438 cuii

233 453 297 566 jus
316 455 621 534 incrementum
635 453 883 536 indicabitur
900 453 951 535 ab
970 449 1111 535 addito
1127 456 1172 534 in
1191 453 1371 568 opposttd
1383 457 1499 546 lance
1512 494 1617 578 pon-

235 569 332 652 dere
344 565 397 650 ad
409 564 741 651 constituendum
754 565 1037 680 aequilibrium.
1060 563 1170 651 Ciam
1184 569 1323 684 itaque
1333 573 1442 658 idem
1452 607 1616 668 maneat

236 687 414 778 vitrum,
432 674 624 794 ide'mque
638 679 877 798 plumbum,
897 693 939 768 bt
951 678 1060 776 nulla
1071 678 1175 766 fatu
1191 683 1238 766 stt
1254 684 1422 801 alicujus
1437 701 1613 803 gravita-

133 803 154 818 '
236 801 288 880 tis
307 795 477 880 accelfio
490 857 501 894 ,
515 795 613 882 illud
626 827 755 882 unum
767 794 962 910 superest,
983 791 1180 910 quddam
1198 828 1307 883 rarus
1321 799 1427 889 intrd
1445 805 1615 918 globum

235 906 453 998 conclusus
465 910 615 1010 levior,
639 909 762 1028 qudm
783 915 893 998 idem
912 925 1005 1026 adr,
1020 937 1158 1026 aperto
1172 913 1337 1014 tubulo,
1358 917 1430 1002 s1bi
1452 922 1614 1012 restitu-

237 1055 327 1128 tus,
349 1027 439 1141 plus
457 1025 573 1110 elidit
596 1033 801 1139 gravitatis
815 1025 972 1144 plumbi
993 1037 1034 1114 δι
1047 1031 1294 1143 ‘vitruatque
1309 1032 1433 1118 moles
1444 1068 1611 1156 compo.

235 1143 312 1228 sua
329 1171 380 1226 ex
400 1139 590 1254 plumbo,
606 1148 904 1242 vit10,&ae'te
926 1173 1040 1241 raro,
1059 1141 1281 1241 secundum
1299 1143 1470 1262 speclem
1485 1153 1613 1242 levior
1672 1171 1687 1198 ‘

234 1259 321 1357 est,
336 1259 460 1371 quarn
473 1255 599 1342 moles
610 1289 661 1344 ex
672 1255 860 1374 plumbo,
874 1265 1000 1356 vitto,
1020 1267 1061 1344 δι
1080 1271 1171 1342 ae're
1188 1289 1273 1344 non
1288 1291 1389 1347 tato.
1433 1273 1518 1354 A'e't
1531 1278 1611 1384 igi-

237 1401 308 1458 tur
334 1379 439 1456 intra
456 1403 603 1486 aquam
628 1379 684 1458 ita
704 1374 803 1460 levis
823 1374 902 1473 est,
916 1403 962 1459 ut
978 1371 1132 1488 aliquid
1151 1381 1358 1488 gravitatis
1375 1383 1607 1474 imminuat:

238 1493 350 1574 Nam
368 1488 578 1602 stglobum
588 1489 767 1575 eundem
777 1521 828 1575 ex
842 1488 946 1604 aqud
959 1489 1337 1588 extradum,²omni
1352 1507 1444 1581 abre
1469 1503 1611 1589 exclu-

235 1602 300 1698 so,
319 1607 425 1718 aqud
437 1602 677 1717 repleverit,
699 1616 740 1692 bt
752 1611 901 1692 iterum
914 1606 1061 1696 eodem
1073 1605 1240 1720 plumbo
1258 1609 1414 1722 adjeclo
1429 1614 1609 1726 ejusdem

233 1723 477 1832 gravitatem
499 1717 605 1803 intrd
626 1751 774 1836 aquam
789 1726 1106 1826 examinaverit,
1127 1720 1236 1804 illam
1253 1725 1389 1809 adhuc
1414 1735 1609 1846 majorem

231 1836 543 1950 deprehendes3
569 1840 666 1951 quia
683 1833 835 1922 scilicet
864 1835 975 1922 nulla
997 1836 1139 1923 levitas
1158 1851 1258 1920 a'e'ns
1273 1839 1411 1939 adest,
1426 1875 1516 1958 quae
1531 1849 1607 1933 ali-

232 1979 359 2065 quam
375 1952 531 2035 deterat
545 1956 805 2064 gravitatem,
822 1948 890 2038 sed
906 1949 974 2036 illa
992 1949 1119 2040 solltm
1139 1957 1269 2066 perire
1284 1955 1466 2058 videtur,
1484 1991 1607 2076 quam

230 2065 357 2151 insert
378 2063 592 2150 discrimen
614 2073 859 2179 gravitatum
882 2063 1104 2152 secundum
1128 2072 1299 2181 speciem
1322 2132 1333 2168 ,
1366 2101 1411 2154 ut
1432 2103 1482 2160 ex
1508 2080 1604 2190 Hy-

230 2180 461 2266 dtostaticis
483 2181 650 2266 constat.
689 2185 840 2296 Neque
863 2178 1067 2296 suspiceris
1088 2181 1177 2266 baec
1204 2187 1448 2294 gravitatum
1470 2194 1604 2277 incre-

229 2325 371 2382 menta
392 2300 487 2378 oriri
503 2327 554 2382 ex
570 2295 677 2414 aqud
696 2293 891 2382 subeunte
905 2327 976 2411 pet
989 2324 1173 2410 apertum
1192 2295 1404 2398 tubulum,
1425 2302 1519 2390 cum
1535 2317 1605 2404 a'e‘t

228 2405 471 2524 assumptam
487 2441 537 2500 ex
562 2415 692 2497 calore
713 2419 921 2496 raritatem
941 2410 1103 2526 abjicit,
1129 2407 1167 2496 se
1187 2417 1231 2495 in
1250 2415 1473 2502 naturalem
1494 2419 1604 2508 suam

227 2527 383 2612 molem
398 2525 635 2626 restituens,
653 2526 862 2626 save,a‘e're
873 2525 1030 2641 prorsus
1045 2523 1229 2626 excluse,
1246 2557 1296 2616 ex
1309 2559 1422 2647 aquae
1434 2533 1603 2644 globum
1651 2539 1654 2546 ’

224 2642 435 2758 implentis
448 2647 657 2754 gravitate.
703 2647 742 2728 Si
755 2645 866 2726 enim
878 2645 1028 2726 vitrum
1039 2641 1230 2728 aliudaut
1242 2643 1495 2744 nullius,aut
1509 2681 1600 2736 mo-

226 2759 429 2843 dicissnnae
454 2787 568 2872 aquae
589 2788 736 2872 capax,
755 2753 822 2842 sed
844 2753 1025 2870 ejusdem
1046 2761 1089 2839 in
1105 2771 1197 2854 aere
1213 2760 1401 2872 ponderis
1423 2795 1518 2854 curn
1538 2765 1599 2852 as-

225 2871 388 2990 sumpto
411 2871 562 2984 globo,
591 2872 770 2958 fimiliter
788 2875 831 2954 in
853 2871 957 2987 aqud
979 2873 1184 2984 expendas
1199 2933 1210 2971 ,
1227 2873 1401 2960 eandem
1417 2883 1600 2968 invenies

225 2995 494 3102 gravitatem,
521 2989 601 3074 five
630 2985 1083 3086 mdta,five1n0dica
1110 2988 1216 3108 aqud
1242 2988 1443 3104 repletum
1462 2995 1597 3082 fuerit.

220 3109 327 3190 Non
345 3109 472 3216 igitur
488 3131 595 3220 aqua
608 3101 716 3188 intui
727 3133 875 3216 aquam
888 3107 1130 3216 gravitatem
1145 3129 1277 3215 auget.

287 3222 366 3308 Sed
376 3219 501 3319 illud,
516 3249 561 3304 ut
576 3219 728 3335 teliqua
741 3219 899 3318 fileam,
920 3248 1006 3301 non
1024 3217 1168 3302 leviter
1184 3219 1347 3304 suadere
1359 3222 1490 3336 potest
1500 3255 1593 3309 cot-

223 3365 326 3452 pota
347 3333 423 3420 suis
444 3335 610 3420 nutibus
627 3365 711 3419 non
726 3331 912 3420 deorsum
927 3331 1085 3418 tantiam
1107 3394 1119 3431 ,
1143 3331 1346 3418 sedetiam
1362 3333 1512 3423 sursum
1528 3373 1597 3426 co-

222 3455 339 3550 nari,
363 3451 475 3568 quod
492 3451 596 3536 mibi
621 3451 733 3536 haud
761 3453 817 3532 ita
831 3450 988 3564 pridem
1011 3447 1122 3534 aliud
1146 3447 1405 3564 investiganti
1422 3461 1596 3570 contigit

220 3565 447 3652 observate.
477 3569 587 3652 Cum
599 3572 710 3650 enim
723 3561 1086 3650 animadvertissem
1110 3563 1352 3673 aliquando,
1375 3565 1499 3682 quim
1516 3570 1595 3658 dis-

219 3711 295 3798 par
306 3677 404 3767 ellet
414 3687 587 3794 gravitas
595 3682 929 3798 aquaedimidt'am
942 3679 1099 3763 sttulam
1110 3677 1334 3793 implentis,
1355 3681 1460 3770 stilla
1476 3691 1519 3770 in
1532 3683 1593 3771 su-

215 3799 389 3914 perficie
407 3799 649 3889 horizontali
670 3797 834 3882 libraret
849 3792 953 3894 sese,
973 3825 1020 3879 ac
1045 3789 1213 3909 quandia
1238 3791 1435 3910 supposta
1453 3798 1598 3914 ligneo

206 3914 345 4026 ‚globo
358 3915 525 3998 firmiter
543 3943 639 3998 cum
655 3910 856 4032 superiore
876 3909 1008 4024 tigillo
1028 3911 1249 3996 cohaerenti
1269 3909 1386 4000 altiits
1405 3916 1456 4000 ad
1468 3915 1593 4004 latera

206 4023 446 4144 ,assurgebat
464 4027 602 4114 locum
613 4029 738 4143 globo
749 4029 1003 4128 concedens,
1020 4057 1144 4144 quem
1157 4053 1294 4112 tamen
1312 4058 1396 4112 non
1418 4027 1590 4117 sustine-

216 4147 289 4232 bat
301 4183 317 4242 ς
329 4146 451 4231 subiit
465 4152 649 4232 animum
670 4145 821 4258 cupido
835 4143 1019 4230 tentandi
1036 4205 1048 4244 ,
1067 4174 1119 4227 an
1134 4141 1285 4228 bubula
1303 4143 1433 4228 vestca
1450 4145 1608 4234 inflata·

203 4261 445 4348 ,transversis
465 4261 634 4374 virgulis
656 4261 760 4344 insta
781 4260 880 4346 vasu
895 4259 1009 4346 labra
1028 4251 1207 4374 depressa
1224 4261 1277 4342 ita
1292 4317 1303 4356 ,
1319 4283 1366 4342 ut
1380 4284 1472 4345 eam
1486 4289 1591 4380 aqua
1621 4367 1627 4372 Ι

213 4377 738 4492 circumplecteretur-,vin
749 4375 1267 4493 babetttpatitcraugendi
1279 4401 1483 4461 momenta
1495 4407 1588 4490 gra-

212 4499 375 4590 vitatist
396 4523 546 4609 aquam
557 4492 941 4612 siquidemcogebat
953 4487 1152 4602 assurgere
1163 4490 1215 4574 ad
1231 4487 1488 4578 altitudinem
1499 4523 1589 4578 tntu

206 4613 341 4728 jotem
358 4607 762 4728 perpendicularem,
785 4640 833 4699 ac
854 4601 1046 4728 quandb,
1064 4601 1344 4808 vesichlt'bete
1364 4611 1592 4708 innatante,

1279 4753 1298 4832 3
