3780 5270
386 216 486 326 5¹0
862 157 1283 278 Machanicorum

379 367 445 423 tus
464 334 511 420 sit
528 333 652 431 Axis,
676 325 744 416 sed
764 323 941 444 plurium
955 323 1226 442 angulorum,
1251 329 1310 410 ira
1329 353 1376 410 ut
1396 323 1520 410 latera
1534 323 1742 418 brevissima

379 451 482 552 sint,
500 451 615 534 sicuti
632 451 701 534 viii
717 444 837 530 distat
853 442 878 530 i
894 445 1140 530 rotunditate
1156 439 1352 554 cylindri,
1370 447 1426 527 ira
1436 439 1511 529 -le
1524 473 1740 530 momento-

380 598 472 652 rum
485 564 755 681 disparitatem
772 559 908 646 insert.

421 682 545 780 *Illud
568 683 734 796 quidem
757 677 1101 764 animadverfione
1128 674 1301 790 dignum
1324 673 1385 762 est
1411 735 1424 771 ,
1447 673 1566 792 qudd
1588 703 1671 760 non
1692 705 1741 761 tt·
1856 771 1857 774 a

380 797 495 887 meri:
515 796 725 883 statuenda
744 793 792 880 sit
815 794 897 883 Axi
918 794 1129 881 crassitudo
1149 837 1167 892 ,·
1185 790 1253 879 sed
1277 786 1382 878 adel)
1407 795 1563 878 validus
1584 788 1663 879 elle
1681 795 1742 878 de·
1856 795 1857 810 ‘

382 915 453 1002 bet
480 943 528 1000 ac
561 913 733 1008 firmus,
760 937 808 994 ut
831 913 1024 1030 ponderis
1052 906 1242 1023 gravitati
1269 907 1459 992 obsistere
1481 909 1596 1024 possit
1620 969 1632 1007 ‚
1656 912 1745 1023 quin

383 1029 597 1130 flectatur,
618 1055 689 1112 aut
702 1025 860 1113 dissiliat
880 1066 893 1123 i
919 1028 1081 1112 sienim
1104 1021 1425 1124 incurvesceret,
1439 1051 1655 1136 augeretur
1669 1055 1743 1108 mo·

382 1148 506 1232 vendi
541 1143 801 1242 difficultas,
836 1143 933 1262 quia
966 1139 1161 1228 nimirum
1194 1147 1242 1226 in
1269 1140 1531 1225 converfione
1562 1143 1764 1254 majorem

381 1258 580 1347 ambitum
607 1256 878 1360 describeret,
910 1254 1035 1376 quim
1053 1285 1128 1374 pro
1151 1261 1239 1373 ejus
1260 1243 1470 1342 soliditat'e.
1516 1257 1596 1340 Sed
1621 1284 1746 1370 neque

381 1370 540 1462 idcirc‘d
573 1375 905 1492 praetermodum
927 1367 1073 1460 crassus
1098 1378 1200 1460 Axis
1225 1371 1323 1486 eligi
1350 1371 1506 1471 debet,
1536 1375 1636 1488 quia
1667 1366 1746 1488 qud

382 1495 512 1606 major
540 1487 608 1577 ille
638 1489 699 1574 est
727 1518 851 1608 atque
877 1489 1067 1589 crailior,
1095 1485 1150 1576 ed
1182 1489 1310 1602 major
1336 1493 1459 1573 etiarn
1482 1486 1543 1574 est
1564 1491 1747 1602 potentie

382 1611 584 1694 moventis
619 1602 776 1706 labor,
818 1605 892 1692 nili
928 1611 1076 1724 pariter
1112 1603 1246 1713 majus·
1277 1603 1335 1688 illi
1372 1603 1544 1690 addatur
1576 1603 1746 1689 Peritro-

383 1723 538 1810 chium.
582 1721 699 1808 Hinc
724 1723 771 1806 sit
795 1727 1034 1835 contingere
1058 1717 1196 1835 polle,
1223 1748 1268 1804 ut
1290 1724 1335 1804 in
1357 1718 1580 1804 attollendo
1601 1718 1747 1832 ponde·

370 1867 428 1922 xre
453 1863 652 1950 augeatur
680 1835 793 1923 labor
819 1837 1009 1954 potentiae
1034 1842 1143 1922 circa
1170 1836 1295 1921 finem
1319 1832 1486 1930 mordis
1522 1839 1619 1946 quia
1645 1833 1747 1916 vide-

383 1951 510 2050 licet,
538 1952 756 2068 fidustarij
777 1952 887 2040 funis
915 1949 1025 2071 spirat
1046 1957 1130 2070 jam
1158 1949 1384 2038 univtrfim
1410 1949 1585 2060 cylindri
1609 1948 1747 2034 faciem

385 2065 801 2182 circumpleslantur,
838 2066 1119 2188 &sequentes
1149 2064 1259 2182 spirae
1292 2095 1376 2152 non
1404 2063 1590 2178 cylindro
1622 2063 1749 2149 coha-

219 2201 225 2229 ¹
256 2207 288 2296 j
315 2237 329 2280 ι,
384 2209 527 2280 reant,
559 2179 625 2266 sed
650 2181 827 2297 subjecto
850 2183 940 2268 funi
960 2246 971 2282 ,
995 2211 1075 2292 lam
1094 2180 1336 2295 intelligitur
1361 2177 1656 2266 semidiameter
1672 2181 1748 2262 axis

383 2299 497 2382 aum
525 2297 779 2384 craffitudine
808 2300 917 2385 funis
943 2293 1142 2406 subjecti,
1169 2328 1217 2381 ac
1256 2296 1426 2414 proinde
1455 2293 1656 2380 secundus
1685 2295 1747 2378 hic

383 2408 575 2526 spirarum
600 2414 699 2497 ordo
723 2417 918 2529 majorem
939 2413 1047 2501 funis
1066 2413 1366 2526 longitudinem
1387 2408 1545 2521 exigit,
1567 2407 1748 2522 adedque

382 2533 507 2612 etiam
523 2525 646 2610 infert
669 2533 862 2644 majorem
883 2530 1073 2644 ponderis
1091 2555 1274 2627 motum,
1304 2557 1387 2642 quo
1405 2555 1588 2642 tempore
1612 2551 1749 2639 poten·

382 2647 441 2726 tia
453 2671 610 2726 motum
624 2673 708 2728 non
719 2647 912 2758 majorem
926 2645 1085 2760 perficit
1102 2679 1111 2725 ι
1128 2672 1256 2758 quate
1267 2639 1467 2735 diminuti
1478 2645 1654 2725 Ratione
1669 2669 1749 2722 mo-

263 2865 267 2876 ,
383 2753 449 2844 ilis
465 2756 656 2871 potentie
672 2759 895 2847 admotum
909 2760 1121 2876 ponderis,
1137 2757 1417 2846 minorafiunt
1430 2757 1538 2846 illius
1551 2781 1751 2840 momenta

380 2873 435 2958 ad
454 2872 721 2959 attollendum
767 2879 909 2962 ondus.
960 2971 965 2978 ,

442 2983 571 3071 Porrd
589 3019 674 3072 non
697 2905 766 3074 eii
778 2991 947 3078 omnino
967 2991 1125 3080 necesse
1141 3053 1152 3091 ,
1171 3020 1219 3075 ut
1239 2991 1291 3076 ad
1310 2991 1472 3106 pondus
1488 2987 1750 3076 attollendum

383 3099 764 3218 Axirstatnatii't'i‘n
786 3103 986 3222 superiore
1009 3109 1126 3206 loco,
1141 3105 1207 3193 sed
1226 3107 1311 3190 fieri
1332 3103 1487 3219 potcll,
1502 3105 1750 3218 utlongeal·

383 3215 465 3303 tilis
487 3209 670 3322 elevetur
701 3223 861 3336 pondus
888 3221 1002 3340 supra
1028 3224 1167 3309 locum
1193 3225 1294 3310 Axis
1321 3220 1388 3316 tsi
1423 3219 1614 3308 nimirum
1646 3219 1750 3308 funis

382 3333 586 3467 dudarips
619 3335 790 3422 transeat
825 3367 897 3455 per
925 3339 1157 3425 orbiculum
1186 3335 1365 3450 superilis
1391 3337 1595 3424 firmatum
1629 3373 1639 3420 t
1674 3343 1751 3422 Ve-

382 3446 474 3532 rlim
496 3454 549 3532 ita
584 3450 750 3536 firmiter
782 3452 1019 3554 stabilienda
1044 3453 1104 3538 est
1133 3449 1325 3540 machina
1346 3481 1441 3550 ‚put
1471 3455 1559 3538 haec
1585 3447 1609 3538 ὲ
1635 3444 1754 3536 nimii

383 3565 574 3680 ponderis
594 3573 789 3678 gravitate
818 3602 902 3656 non
933 3573 1110 3686 rapiatur
1133 3565 1296 3654 sursum.
1342 3569 1548 3654 Ceterum
1571 3569 1667 3654 cilin
1689 3567 1753 3652 fu·

272 3699 277 3704 “
383 3683 445 3762 nis
466 3677 704 3776 immediatb
732 3689 905 3798 neslitur
924 3683 1095 3802 ponderi
1116 3683 1284 3772 inferitis
1314 3683 1442 3800 posito
1463 3745 1474 3780 ,
1497 3679 1580 3794 ipsa
1601 3684 1752 3798 ponde·

383 3799 435 3878 ris
465 3801 638 3908 gravitas
668 3793 815 3892 stabilit
842 3804 1076 3896 machinam
1105 3798 1184 3884 suis
1213 3796 1352 3885 fulcris
1378 3797 1628 3886 insistentem
1661 3797 1752 3882 solo.

383 3911 595 4006 Hadlenus
620 3913 788 4028 quidem
817 3919 1159 4013 Axemresium,
1188 3935 1320 4028 prout·
1334 3917 1462 4026 magis
1485 3919 1757 4020 communiter

382 4019 615 4143 usurpat'ur,
631 4027 859 4123 statuimusr
875 4060 948 4148 pro
965 4035 1268 4148 opportunitate
1281 4057 1414 4114 tamen
1430 4027 1618 4116 adhiberi
1633 4035 1758 4119 etiam

382 4143 513 4254 potest
527 4141 727 4228 curvatus.
768 4149 1129 4252 Quemadmodum
1149 4146 1176 4228 si
1197 4177 1247 4246 ,eit
1266 4143 1496 4260 profluente
1507 4176 1654 4261 aquam
1676 4147 1759 4234 sur-

381 4255 468 4344 sum
498 4255 623 4355 antlid
654 4257 876 4374 propellere
905 4263 1114 4360 velimus,
1148 4289 1243 4346 rotat
1275 4261 1358 4346 BC
1392 4269 1584 4371 congruis
1621 4266 1758 4378 pinnis

380 4372 606 4472 insternit,
630 4381 673 4458 in
695 4403 794 4487 quas
816 4407 922 4492 aqua
939 4382 1147 4462 incurrens
1163 4381 1249 4462 vini
1273 4372 1380 4458 suam
1399 4387 1620 4475 exerceat,
1641 4379 1759 4464 addi-

378 4515 447 4576 tur
477 4489 632 4572 craffior
664 4491 818 4575 ferreus
860 4493 981 4607 stylus
1015 4521 1157 4576 centro
1195 4495 1233 4578 A
1267 4490 1448 4588 infixus,
1484 4491 1760 4608 ctirvatdsque

380 4603 749 4698 ADEFGHIK
771 4606 827 4716 lsi
845 4614 914 4698 IK
934 4609 982 4694 fit
1002 4607 1104 4696 alter
1125 4605 1269 4726 polus,
1290 4603 1360 4692 cui
1376 4607 1569 4698 machina
1593 4616 1760 4696 incum-

1451 4761 1461 4795 i
1688 4725 1761 4830 bit,
