3918 5262
21 298 24 382 l

519 165 889 322 Liberprimus.
945 172 1156 286 Carur
1186 173 1283 283 VI.
1438 119 1440 122 Ι
1532 211 1589 318 55

204 331 311 414 niter
333 326 853 418 Geometricdstrbtilitate.
899 325 1004 416 Illud
1022 326 1165 430 restat,
1183 359 1229 415 ut
1245 356 1408 432 earum,
1424 357 1523 446 quas
1535 362 1600 418 at-

200 445 275 532 tuli
289 476 476 561 praxes,
497 450 622 545 ratio,
638 457 677 532 br
692 441 818 532 causae
836 445 1111 562 explicentur,
1128 478 1179 532 cx
1196 445 1343 564 quibus
1359 444 1503 532 clarior
1523 451 1601 536 ha·

198 559 350 647 beatur
365 570 526 650 notitia
539 591 706 662 eorum,
728 591 818 678 quae
834 565 886 672 ad
899 592 1088 652 centrum
1101 567 1306 676 gravitatis
1325 567 1543 678 pertinent

575 871 999 1051 'CAPUT
1080 942 1186 1046 vr.

423 1197 661 1355 Afflrtur
681 1210 810 1316 ratio
819 1203 1156 1362 praedielarum
1164 1238 1401 1366 praxeon.
1509 1275 1548 1364 .‘
1592 1299 1596 1311 .

323 1485 365 1566 T
400 1479 536 1597 palam
564 1483 635 1568 fiat
657 1484 847 1600 praxibus
880 1489 1015 1603 capite
1049 1483 1254 1602 superiore
1282 1487 1409 1576 allatis
1432 1492 1608 1580 inveniri

326 1605 532 1714 punstum
556 1597 800 1716 respondens
825 1630 967 1686 centro
984 1607 1218 1714 gravitatis,
1235 1605 1348 1720 quod
1372 1609 1607 1723 inquiritur,

220 1716 432 1802 indicandi
454 1714 545 1800 sunt
557 1714 714 1816 fontes,
729 1718 942 1834 exquibus
958 1715 1034 1802 illae
1055 1719 1329 1806 deducuntur.
1367 1721 1516 1806 Earum
1526 1727 1605 1806 ita-

217 1863 299 1950 que
314 1837 419 1916 ratio
442 1829 752 1947 petendaestex
765 1839 951 1947 gravium
965 1834 1107 1921 natural
1121 1896 1132 1932 ,
1148 1852 1368 1950 quaeextra
1380 1833 1517 1920 locum
1532 1836 1613 1922 fibi·

220 1949 408 2035 debiturn
426 1946 669 2046 constituta,
687 1951 731 2032 in
750 1951 888 2034 medio
904 1950 1097 2036 videlicet
1116 1950 1291 2050 leviore,
1309 1979 1511 2036 conantur
1530 1951 1606 2060 dm

220 2061 355 2150 orsum
377 2095 452 2179 pro
478 2063 657 2164 viribus,
677 2064 751 2150 nisr
779 2066 1086 2180 impediantur:
1115 2067 1227 2181 quod
1250 2067 1279 2150 sr
1299 2065 1609 2182 interpellentur

219 2181 416 2298 quidem,
436 2211 519 2265 non
549 2209 688 2263 tamen
708 2179 865 2296 prorsus
891 2178 1084 2267 descensu
1099 2181 1417 2296 prohibeantur,
1436 2179 1608 2268 descen-

221 2301 355 2394 dunt,
374 2325 495 2412 prout
515 2295 592 2381 sort
612 2293 860 2382 obstantium
886 2299 1278 2412 impedimentorum
1306 2299 1503 2382 conditio.
1541 2301 1608 2384 Sic

221 2413 321 2528 lapis
338 2409 556 2526 sphaericus
577 2415 622 2495 in
647 2417 798 2497 montis
818 2411 925 2498 clivo
945 2414 1094 2528 positus
1117 2409 1212 2499 clun
1225 2443 1310 2498 non
1334 2409 1467 2498 valeat
1487 2411 1607 2510 red&

221 2530 501 2618 srcutirreere
521 2525 674 2626 libero,
690 2525 876 2616 deorsum
892 2527 1012 2630 ferri,
1032 2559 1104 2644 per
1122 2526 1289 2646 planum
1312 2527 1412 2614 illud
1434 2525 1608 2636 inclinas
1703 2581 1708 2590 ·

219 2643 313 2730 tuni
328 2641 540 2751 descdndit
555 2683 565 2728 t
583 2647 649 2727 Sic
662 2643 898 2759 plumbum,
915 2647 1027 2761 quod
1045 2645 1114 2730 filo
1130 2645 1359 2730 adneditur
1370 2639 1611 2760 laqueari,d

221 2757 519 2879 perpendidulo
540 2788 741 2846 remotum
760 2759 969 2847 descendit
995 2759 1255 2848 circulariter.
1294 2749 1422 2846 Porrd
1448 2789 1539 2877 quae
1554 2763 1609 2848 de

221 2873 339 2976 totoi
372 2874 411 2959 so
428 2905 597 2992 corpore
622 2906 717 2961 vera
739 2869 818 2961 else
836 2876 1122 2991 intelligimus,
1136 2879 1224 2991 ejus
1242 2905 1410 2994 quoque
1426 2875 1608 2991 partibus

221 2994 312 3108 sin,³
362 2995 391 3076 's
409 2997 663 3082 conveniunt
676 3025 688 3086 3
712 2989 806 3078 clun
821 2997 932 3078 enim
943 2991 1107 3106 srngulae
1122 2991 1232 3078 suam
1246 2989 1426 3078 habeant
1436 2995 1609 3104 gravita-

222 3137 333 3207 tem,
360 3107 433 3192 nisr
446 3109 547 3222 quid
564 3107 718 3206 obstet,
735 3105 1000 3195 descendunt.
1041 3104 1123 3204 lam
1145 3102 1243 3194 verb
1266 3107 1296 3190 st
1319 3111 1532 3222 contingat
1550 3112 1608 3194 ita

221 3253 373 3340 corpus
393 3251 516 3336 grave
539 3226 723 3340 oppofito
746 3221 992 3312 extrinsecus
1016 3223 1134 3315 obice
1151 3223 1363 3340 impediri,
1380 3249 1426 3308 ut
1452 3225 1607 3326 cunelae

223 3339 342 3426 simul
360 3367 516 3454 partes,
537 3341 648 3454 quali
675 3339 803 3426 moles
818 3335 902 3424 und
925 3339 1169 3428 descendere
1187 3362 1394 3454 nequeant
1415 3371 1427 3431 3
1451 3334 1607 3426 sublato

222 3461 403 3572 partium
426 3464 537 3540 neiru
547 3451 830 3556 descendunt,
850 3486 1108 3656 quaecunque
1125 3481 1264 3539 carent
1286 3458 1343 3538 im
1395 3453 1605 3540 dinemo:

96 3629 101 3634 -
224 3569 817 3670 utsrcereamcandelarn,aut
834 3576 1032 3684 gaciem,
1051 3597 1174 3688 quarn
1188 3599 1312 3655 manu
1343 3567 1506 3670 ustines,
1517 3573 1608 3682 igni

221 3689 469 3782 admoveam
490 3685 600 3772 haud
614 3686 811 3787 dubium,
834 3691 936 3802 quin
952 3717 1083 3803 partes
1097 3714 1284 3772 extrema
1309 3691 1397 3798 igni
1414 3691 1607 3800 proxime

224 3799 518 3920 liquescenteS,
539 3799 666 3888 solutal
679 3807 832 3887 unione
845 3833 941 3890 cum
954 3807 1106 3889 caeteris
1120 3863 1132 3902 ,
1148 3800 1226 3888 suis
1243 3802 1411 3887 nutibus
1421 3795 1608 3887 deorsum

226 3919 316 4005 latae
335 3916 465 4004 libere
486 3914 744 4006 descendant.
777 3921 836 4003 At
858 3918 887 4002 sr
904 3947 1036 4033 prutes
1055 3945 1195 4006 omnes
1214 3917 1411 4030 colligata
1428 3919 1609 4012 invicem

229 4056 492 4153 permaneant
505 4095 517 4132 ‚
531 4036 788 4147 eandemque
802 4033 976 4147 figuram
991 4034 1149 4122 servent
1157 4069 1169 4130 3
1185 4063 1352 4150 corpore
1368 4029 1438 4116 illo
1452 4029 1609 4148 suspen·

228 4151 269 4239 so
284 4181 356 4235 aut
373 4148 615 4250 sustentato,
629 4151 719 4238 fieri
735 4181 818 4236 non
835 4151 981 4266 potest,
990 4181 1036 4239 ut
1074 4181 1177 4238 artes
1189 4149 1335 4266 aliquae
1348 4145 1608 4263 descendant,

228 4273 330 4386 quin
348 4265 460 4362 alite,
475 4265 601 4379 quaee
616 4271 782 4378 regione
798 4263 890 4358 sunt
911 4297 1018 4354 trans
1032 4181 1316 4384 slrspensronis,
1333 4289 1407 4349 aut
1417 4261 1609 4350 sustenta·
1723 4371 1726 4380 Ι

227 4387 349 4502 tioqis
378 4385 580 4499 pundlum
602 4379 849 4480 ,ascendant
870 4419 882 4480 3
910 4385 954 4472 id
979 4413 1117 4472 autem
1147 4385 1293 4468 harum
1325 4383 1514 4493 gravitati
1539 4395 1604 4466 r'e.

226 4527 413 4620 pugnat:
433 4527 518 4582 non
533 4501 661 4609 igitur
678 4495 894 4588 ascendere
915 4495 1104 4619 possunt,
1125 4498 1199 4584 nist
1213 4492 1504 4584 descendentes
1526 4524 1605 4611 op-

228 4619 361 4738 pofitae
385 4609 540 4700 viribus
567 4643 615 4730 ac
634 4623 851 4730 momentis
871 4615 1061 4736 praeslent
1082 4621 1165 4720 ita,
1186 4641 1233 4701 ut
1250 4613 1394 4706 harum
1418 4615 1611 4729 gravitati

1217 4731 1323 4823 82
