3794 5266
360 247 471 370 454
657 215 666 231 '
833 191 1252 311 Machanicorum

366 363 596 464 cedintevi
611 355 775 450 externi
789 389 900 460 ,non
914 355 1176 474 statim-perit.
1206 357 1254 447 ld
1269 385 1407 446 autem
1424 358 1738 477 intelligendum

366 489 450 586 est,
468 515 562 572 cum
585 489 630 568 in
650 481 740 568 lucu
768 477 832 564 vel
859 476 1077 592 tranquillo
1092 476 1194 560 mari
1218 480 1458 588 navigatur,
1479 509 1574 564 cum
1591 479 1738 566 scilicet

368 635 475 720 aqua
493 597 561 686 suo
573 595 688 684 eursu
700 627 783 682 non
793 591 1021 680 adversatur
1035 598 1164 678 motui
1177 595 1290 678 navis
1306 629 1318 674 ε
1333 621 1428 678 nam
1441 593 1469 676 st
1483 595 1650 682 adverso
1665 597 1736 680 llu-
1754 673 1767 702 χ

368 729 480 808 mine
502 713 824 834 promovendum
843 711 890 794 fit
908 713 1142 820 navigium,
1168 713 1392 794 contrarius
1414 733 1528 825 aquae
1552 712 1738 827 impulsus

368 843 566 952 impetum
582 829 770 942 dremige
785 817 1017 944 impteffnm
1028 821 1169 923 elidit,
1189 823 1358 935 fierique
1376 825 1530 940 potest,
1545 857 1591 912 nt
1606 830 1740 914 utilius

366 953 527 1042 accidat
541 943 872 1041 navimtrahere,
888 938 1013 1056 qudm
1037 941 1274 1051 remigando
1293 940 1523 1054 impellere,
1543 973 1595 1028 ne
1619 942 1742 1031 subla-

301 1087 304 1096 '
368 1077 419 1154 tis
436 1063 605 1182 exaqud
620 1062 1008 1168 remisnavigiumvi
1022 1085 1137 1170 aquae
1158 1056 1320 1142 fluentis
1333 1057 1738 1146 retro-adumedre-

368 1187 488 1281 deae,
506 1177 791 1268 undedisceffit
805 1239 816 1274 ,
831 1187 873 1290 lle
888 1169 1040 1258 alterni
1053 1201 1256 1256 remorum
1268 1173 1522 1258 immerlione
1541 1189 1739 1292 atqueeir-

368 1303 561 1386 tradione
569 1325 698 1413 opera
710 1293 894 1380 ludatur:
913 1315 1179 1406 praeterqnum
1192 1289 1302 1403 quod
1317 1285 1403 1404 qud
1421 1297 1548 1402 magis
1562 1291 1757 1380 immersa·

238 1449 242 1463 ·
371 1421 471 1502 remi
483 1411 657 1530 palmula
668 1409 718 1496 ab
732 1401 897 1496 adverso
912 1406 1081 1490 flumine
1093 1399 1744 1518 repellitur,edampliusdetrahi·

369 1563 437 1618 tur
451 1533 580 1616 motui
594 1530 718 1612 navis.
748 1519 852 1610 lded
869 1525 1051 1638 quamvis
1065 1525 1200 1609 navim
1216 1520 1379 1606 trahens
1396 1521 1484 1635 plus
1496 1521 1742 1610 laborisfim-

370 1645 531 1767 pliciter
542 1643 772 1758 impendat,
788 1633 911 1756 quim
921 1639 1142 1748 remigans,
1154 1635 1250 1721 facit
1265 1663 1400 1720 tamen
1411 1666 1541 1752 operae
1555 1648 1743 1754 pretium,

370 1769 443 1882 qui
463 1765 575 1848 enim
591 1761 726 1842 navim
739 1752 927 1842 adverslts
942 1753 1214 1866 profluentem
1232 1753 1370 1848 trahit,
1380 1754 1504 1838 etiam
1518 1761 1678 1854 retinet,
1691 1791 1743 1846 ne

371 1873 624 1966 retrorsuma
653 1902 767 1967 atur,
787 1899 828 1954 at
843 1869 914 1986 qui
931 1897 1043 1953 remo
1064 1865 1260 1980 impellit,
1278 1865 1430 1952 sublatd
1449 1897 1502 1954 ex
1523 1871 1643 1958 undis
1655 1875 1742 1990 pal.

370 1901 928 2102 muld,reced11mimpedire
947 2015 1031 2068 non
1044 1982 1163 2068 valet.
1591 2021 1595 2036 ·

429 2109 540 2194 Cum
557 2111 694 2220 itaque
716 2133 850 2214 remus
864 2104 988 2186 venis
1009 2077 1057 2183 lit
1077 2095 1240 2186 secundi
1263 2104 1445 2212 gennit,
1463 2106 1745 2224 remigisuiree

193 2273 203 2288 ι
274 2267 278 2272 ·
372 2223 610 2312 aestimandae
625 2219 775 2312 suntex
790 2215 1129 2334 Ratio'ne,quam
1143 2215 1359 2328 longitudo
1374 2223 1476 2301 remi
1494 2219 1620 2303 habet
1633 2224 1684 2308 ad
1699 2223 1747 2308 il.

343 2353 348 2372 '
371 2333 452 2428 lam
466 2335 647 2446 ciuilem
660 2341 759 2422 remi
776 2339 953 2452 partem,
972 2361 1061 2447 quae
1075 2361 1189 2447 aquae
1213 2344 1254 2420 dc
1275 2330 1421 2416 scalmo
1440 2339 1649 2449 interjedla
1663 2339 1745 2436 ests

258 2453 264 2458 ⁶
339 2525 344 2532 -
367 2460 459 2546 haec
477 2455 671 2570 stquidem
690 2449 883 2538 Ratioest
894 2474 1101 2546 motuum,
1118 2477 1167 2534 ac
1185 2449 1353 2564 proinde
1375 2460 1417 2534 δι.
1432 2479 1745 2554 momentorum,

371 2602 419 2658 ut
432 2570 570 2686 saepilts
581 2567 736 2658 dietum
748 2566 819 2653 est.
842 2564 1109 2650 Remiantem
1120 2562 1420 2675 longitudinem
1433 2566 1749 2658 nonablolutam

373 2687 598 2802 intelligast
615 2683 681 2771 sed
698 2680 873 2798 primitm
889 2711 937 2768 ea
953 2680 1154 2766 demenda
1164 2679 1224 2762 est
1231 2681 1416 2795 palmulae
1426 2684 1642 2797 particula,
1659 2717 1748 2802 quae

372 2833 486 2922 aquae
500 2804 755 2914 immergitur
765 2833 776 2893 3
796 2802 947 2913 quippe
963 2825 1212 2911 quaeaquam
1224 2796 1418 2910 repellens
1429 2798 1537 2912 quast
1549 2799 1749 2915 hypomo-

286 2926 289 2937 ’
373 2920 486 3006 thlio
499 2917 711 3004 incumbit.
740 2915 908 3000 Deinde
921 2913 1218 2998 attendendum
1239 2913 1318 3010 est,
1334 2943 1456 3027 quam
1475 2919 1577 3000 remi
1592 2945 1749 3030 partem

373 3023 861 3152 remex‘apprehendattsr
878 3033 989 3114 enim
1005 3027 1139 3144 plures
1151 3030 1329 3112 eundem
1339 3057 1495 3119 remum
1504 3037 1686 3144 agitent,
1700 3065 1750 3118 nt

307 3225 313 3236 .
374 3157 419 3236 in
435 3149 675 3254 triremibuS,
689 3177 774 3254 non
792 3141 883 3230 sunt
896 3145 1067 3261 aequalia
1078 3171 1285 3228 momenta
1297 3143 1561 3254 fingulorum,
1572 3145 1639 3233 sed
1649 3152 1750 3260 ejus,

374 3266 448 3383 qui
465 3263 609 3350 scalmo
636 3267 802 3380 propior
827 3261 909 3360 est,
934 3264 1091 3345 minora
1107 3255 1199 3342 sunt
1223 3263 1416 3375 (perinde
1441 3291 1565 3378 atque
1589 3264 1751 3352 fitemo

374 3376 482 3470 aded
498 3381 609 3468 brevi
620 3382 826 3474 uteretur)
843 3381 1040 3492 ejus‚·qui
1054 3379 1154 3460 remi
1170 3375 1598 3492 caputapp‘rehendit,
1615 3389 1750 3470 maxi..

375 3527 441 3582 ma
454 3494 544 3580 sunt
557 3522 763 3580 momenta
772 3529 784 3588 5
800 3495 923 3600 medii
935 3519 1075 3578 autem
1087 3493 1224 3576 medio
1237 3497 1361 3578 modo
1376 3491 1413 3578 se
1428 3493 1599 3582 habent.

433 3615 572 3728 Qare
584 3613 799 3728 longitudo
810 3613 935 3696 vetus
945 3613 988 3694 in
1002 3635 1113 3694 remo
1124 3607 1321 3694 definitur
1331 3609 1554 3712 intervallo,
1564 3613 1753 3728 quodin·

375 3739 660 3844 remquam&
679 3732 840 3839 remigis
854 3757 1021 3834 manum
1037 3725 1384 3837 interjednmestt
1397 3727 1587 3842 ponderis
1599 3728 1754 3814 distan-

374 3849 473 3929 tiam
483 3843 533 3929 ab
549 3843 840 3959 hypomochlio
849 3849 1015 3928 metitur
1025 3839 1298 3940 intervallum,
1311 3872 1393 3957 quo
1402 3841 1570 3958 scalmos
1580 3843 1755 3958 abaqud

317 3949 323 3958 ’
375 3959 591 4076 palmulam
609 3961 1119 4074 excipienterdisjungitur.
1166 3963 1205 4042 Si
1228 3956 1356 4072 igitur
1376 3957 1635 4044 intervallum
1648 3959 1758 4050 illud

375 4075 436 4160 est
454 4078 578 4186 hujus
593 4071 793 4159 intervalli
811 4076 983 4190 duplum
1000 4103 1076 4159 uut
1093 4071 1395 4189 sellu-initerum
1410 4137 1422 4174 ,
1438 4103 1647 4159 momenta
1666 4081 1755 4162 Po-

375 4197 512 4280 tentiae
526 4195 577 4276 ad
592 4220 798 4296 momenta
815 4195 1002 4306 ponderis
1011 4188 1235 4276 Rationum
1248 4191 1404 4278 habent
1418 4190 1760 4306 duplamnutses-

376 4305 634 4424 quialtetam,
649 4320 692 4394 &
714 4337 888 4423 quatuor
910 4311 1081 4420 remiges
1101 4309 1151 4392 ad
1172 4309 1488 4424 promovendam
1501 4307 1641 4392 navim
1654 4317 1758 4393 ta'nl

374 4425 558 4508 tumd'em
581 4423 666 4509 fere
691 4425 827 4508 valent
847 4453 894 4506 ac
921 4421 986 4507 sex
1007 4429 1222 4525 autoilo,
1248 4429 1319 4537 qui
1336 4432 1420 4540 pari
1441 4453 1592 4508 conatu
1610 4421 1759 4512 navim

372 4541 546 4623 'eandem
561 4539 641 4623 stne
655 4545 771 4624 remis
782 4537 1073 4656 propellerent,
1089 4569 1159 4624 aut
1171 4543 1391 4628 traherent.
1418 4543 1533 4636 Dixi,
1543 4535 1641 4644 frti,
1652 4547 1759 4654 quia

363 4683 619 4755 turnmotus
634 4657 851 4767 cujussibet
867 4660 990 4743 vedis
1002 4655 1269 4746 ‘fitcircularis
1284 4659 1756 4775 cireupunstumhypo-

432 4775 436 4782 ’
520 4815 524 4826 ·
1558 4773 1753 4886 mochlij,
