3800 5266
428 201 826 407 liberquintus.
880 247 1092 370 CAPuT
1116 253 1215 363 VI.
1316 277 1354 376 ,·
1408 275 1506 396 m
1612 387 1616 399 ι

142 415 211 502 fim
242 411 343 518 dens
370 415 465 496 rotat
500 415 703 498 moventis
724 409 794 498 suo
818 411 936 524 apice
960 439 1178 496 excurrens
1211 403 1352 498 tersius
1380 425 1518 500 extress

143 531 323 618 mitatem
341 525 484 614 dentis'
501 555 624 628 rotz,
650 538 741 646 q'uar
774 553 994 626 movetur,
1020 524 1152 639 magis
1176 527 1332 612 recedit
1362 521 1517 615 arens

144 675 217 732 tro.
262 646 372 730 Cum
392 643 518 758 igitur
539 671 625 728 rota
648 673 818 728 movens
843 637 953 726 suam
978 645 1062 724 vim
1079 669 1267 726 exerceat
1282 648 1398 755 apice
1419 645 1521 731 detr-

144 766 223 858 tis,
251 765 409 870 integra
432 757 586 876 semper
619 757 725 845 iliius
752 759 951 845 diameter
974 785 1044 840 aut
1068 754 1363 844 semidiameter
1385 761 1517 846 coufiz

144 877 321 962 deranda
356 874 452 970 ests
480 902 521 959 at
544 897 667 975 rota',
693 903 785 988 quae
810 899 1019 984 urgetur,
1055 901 1151 958 curn
1177 903 1263 958 non
1299 879 1344 960 in
1375 879 1521 962 eodem

145 995 295 1106 punem
331 995 499 1106 recipiat
536 996 740 1078 moventis
760 986 1059 1104 'impulsionem
1092 1049 1104 1088 ‚
1147 989 1326 1076 nonest
1359 987 1518 1108 absoiti}

145 1106 186 1192 te
228 1107 476 1192 attendenda
522 1109 680 1220 integra
718 1105 826 1199 illius
860 1105 1058 1190 diameter
1088 1133 1164 1188 xaut
1196 1099 1521 1206 semidiameter,
1605 1191 1606 1196 a

144 1217 210 1307 sed
251 1221 387 1336 potiiu
422 1223 638 1306 mediocris
676 1223 862 1338 quaedam
901 1219 1009 1304 inter
1050 1223 1267 1328 maximam
1307 1231 1352 1307 1&
1392 1225 1517 1308 minia-

145 1366 248 1422 mam
280 1333 306 1420 d
333 1366 475 1421 tenero
509 1337 742 1422 distantiam
774 1335 965 1448 eligenda
997 1331 1056 1417 est
1086 1393 1098 1433 ,
1130 1361 1176 1418 ut
1203 1334 1305 1418 alter
1332 1337 1519 1446 Rationis

147 1457 338 1536 terminus
360 1450 575 1536 habeatur.
619 1457 682 1539 Ex
710 1483 794 1568 quo
820 1451 933 1538 vides
961 1448 1023 1545 (st
1051 1457 1126 1533 res'
1143 1447 1342 1535 subtiliter
1372 1452 1518 1539 elinie'i

146 1571 238 1664 tur)
263 1597 346 1651 non
365 1596 509 1682 parum
537 1564 754 1665 intercise,
783 1567 922 1656 utrum
943 1569 1078 1654 minor
1107 1593 1194 1650 rota
1224 1569 1416 1680 majorem
1446 1564 1516 1652 u'rfi'-

148 1708 274 1793 gent,
304 1712 358 1766 an
390 1681 416 1770 ὲ
450 1685 652 1768 contrario
682 1688 810 1796 major
844 1679 1045 1766 minorem
1072 1679 1286 1796 propellat.
1330 1686 1518 1796 Concipe

146 1802 251 1882 enim
275 1801 437 1911 majoris
464 1826 559 1887 ποτε
591 1803 792 1884 interram
823 1793 1164 1898 semidiamtttum
1191 1791 1269 1882 effe
1298 1797 1518 1914 particula·-

147 1939 231 1997 tum
257 1944 372 2012 100,
404 1923 446 2000 dt
475 1913 597 1998 talem
628 1945 653 2000 e
684 1915 923 2000 edentium
959 1906 1213 2012 incisuram,
1243 1940 1290 1995 ut
1319 1913 1516 2027 angulus,

147 2029 188 2110 in
214 2057 300 2143 quo
326 2029 399 2144 ipst
426 2031 568 2116 dentes
600 2043 787 2130 coeunt,
826 2027 949 2114 distet
974 2023 999 2110 d
1030 2022 1172 2110 centro
1196 2029 1403 2142 particulis
1432 2061 1516 2137 94:

149 2169 237 2226 rotat
258 2171 397 2228 autem
419 2145 587 2230 minoris
608 2207 619 2243 ,
646 2176 737 2261 quat,
757 2141 847 2229 suos
868 2145 1013 2232 denter
1033 2138 1142 2226 iilius
1167 2142 1357 2228 dentibus
1379 2141 1517 2263 impidi-

149 2285 235 2358 cat,
265 2258 560 2345 semidiameter
583 2258 742 2373 integra
764 2261 811 2342 srt
836 2258 1024 2356 fimiiium
1046 2255 1333 2370 particularum
1360 2291 1413 2348 20
1432 2323 1443 2360 ,
1462 2269 1519 2350 'dt

149 2373 316 2486 angulus
340 2371 558 2460 concursds
575 2377 761 2464 dentium
775 2373 896 2460 distet
913 2369 937 2458 d
954 2400 1094 2456 centro
1109 2375 1314 2486 particulis
1340 2407 1403 2484 14.
1433 2380 1520 2466 Uti·
1599 2481 1601 2484 Ι

150 2519 225 2604 qne
249 2492 278 2575 fi
305 2497 441 2575 minor
467 2481 662 2607 majorem
686 2517 829 2604 urgeat
854 2489 963 2574 illius
986 2488 1141 2578 Radius
1166 2487 1226 2574 est
1250 2511 1296 2573 ut
1322 2525 1403 2590 ιο,
1435 2492 1519 2576 hus·

149 2603 207 2712 jn
227 2601 329 2692 verb
356 2606 417 2694 est
446 2631 492 2688 ut
511 2639 566 2715 97
590 2645 600 2692 r
626 2635 766 2694 contra
788 2631 925 2691 autem
954 2605 982 2687 st
1011 2605 1143 2712 major
1171 2601 1292 2718 pellat
1319 2611 1520 2694 minorem

150 2717 501 2831 illiusRadiustst
522 2751 569 2807 ut
594 2753 702 2822 roo,
728 2723 851 2836 hujus
878 2749 925 2806 ut
954 2748 1012 2832 ¹7·
1057 2721 1196 2836 Qare
1216 2719 1380 2832 finguiae
1408 2751 1519 2809 com«-

153 2863 289 2950 paratae
314 2867 409 2924 curn
427 2836 510 2935 iis,
544 2869 634 2954 quat
659 2836 794 2922 secuin
823 2863 1084 2932 communem
1105 2832 1261 2921 habent
1288 2866 1407 2922 axem
1421 2899 1434 2938 ,
1455 2839 1519 2924 di-

152 2951 298 3037 vetsam
324 2954 579 3041 constituunt
612 2957 831 3038 Rationem
863 2988 873 3034 =
908 2953 935 3036 sr
962 2948 1073 3035 enim
1101 2951 1230 3060 major
1254 2981 1340 3036 rota
1365 2947 1543 3068 urgeas,

154 3092 214 3151 tur
234 3063 257 3151 d
278 3073 436 3154 minore
467 3069 540 3156 fibi
573 3066 783 3185 proximi,
815 3063 921 3161 aded
940 3093 992 3156 ,ut
1006 3063 1189 3152 'secunda
1211 3071 1343 3152 minor
1355 3071 1518 3154 moreau

154 3205 214 3280 tut
232 3185 283 3269 ad
312 3211 471 3301 motum
497 3190 659 3301 majoris
679 3189 722 3270 in
744 3185 891 3270 eodem
914 3205 1015 3278 axe,
1038 3177 1222 3268 &Ratio
1246 3181 1293 3266 fit
1316 3211 1362 3266 ut
1390 3185 1442 3272 2'0
1465 3187 1520 3272 ad

153 3328 241 3402 97,
270 3299 299 3382 st
324 3305 475 3414 majore
503 3300 685 3417 proximi
715 3327 887 3412 urgente
912 3305 1109 3386 minorem
1135 3325 1366 3382 moveretur
1391 3305 1518 3416 majo'r

154 3413 201 3494 ad
229 3441 386 3500 motum
414 3418 648 3505 minoris'in
670 3417 815 3502 eodem
836 3444 942 3512 axe,
972 3415 1092 3522 hujus
1115 3411 1283 3496 minoris
1305 3443 1440 3524 motur
1465 3417 1518 3503 ad

154 3555 304 3614 motum
324 3529 399 3614 suat
425 3536 586 3646 majoris
607 3561 691 3622 non
709 3525 806 3614 ess'et
829 3536 977 3646 pariter
1001 3557 1046 3615 ut
1067 3555 1118 3612 20
1135 3525 1187 3612 ad
1203 3558 1258 3637 97
1277 3525 1380 3642 »sed
1400 3559 1448 3616 ut
1462 3526 1516 3636 '17

154 3643 334 3751 adro'o,
358 3653 448 3764 quat
473 3650 532 3736 est
552 3653 686 3736 minor
706 3647 840 3734 Ratio
1287 3645 1303 3688 ”
1468 3649 1497 3692 '³
