3818 5264
369 179 476 306 164
836 157 1262 274 Mechanicmnm
1388 207 1391 215 ·

340 329 468 444 quod
483 320 636 410 scilicet
664 323 757 406 AO
785 323 948 438 aqualis
964 324 1011 408 sit
1030 321 1101 437 ipsi
1125 326 1204 410 ΑΕ
1217 384 1230 421 ,
1245 309 1367 434 gratis
1378 319 1582 417 afferiturs
1597 349 1735 440 neque

352 448 467 528 enim
481 443 615 553 potior
627 437 705 522 ulla
723 467 887 552 apparet
899 445 1000 524 ratio
1013 501 1024 537 ,
1039 470 1112 524 cur
1129 441 1181 524 ad
1203 437 1492 526 instituendam
1507 438 1734 553 analogiam

353 553 571 642 affumatur
584 553 718 668 potibs
747 559 831 654 lE,
849 554 972 668 qudm
998 556 1188 670 quaelibet
1204 555 1281 640 alia
1298 562 1431 640 minor
1453 553 1566 638 linea.
1585 537 1733 642 cadens

354 678 461 758 inter
484 672 524 756 G
551 681 593 756 ὅ(
620 673 664 753 Ε.
710 669 799 781 Ego
811 701 949 755 autem
962 669 1155 758 libentius
1173 671 1366 783 profiteor
1383 701 1447 754 rue
1463 667 1614 754 nescire
1627 729 1638 767 ,
1653 669 1735 785 qul
1791 680 1793 688 ’

354 791 532 880 Ratione
544 785 728 898 analogia
742 788 831 870 hnc
841 787 1098 886 instituatur,
1114 795 1239 902 qua'm
1256 788 1412 904 aliquid
1426 790 1525 870 certi
1540 787 1733 872 divinan-

353 907 411 992 do
430 904 614 990 statuere.
844 903 846 909 ’
1485 905 1488 912 ‘

414 1016 570 1107 Verbm
592 1021 776 1134 quamvis
796 1047 881 1102 non
902 1045 1122 1134 utrumque
1150 1046 1298 1132 corpus
1319 1013 1501 1102 velocibs
1521 1045 1734 1102 moveatur

238 1133 243 1142 ’
354 1132 479 1253 qulam
496 1132 809 1248 prosudvirtute
822 1133 1017 1231 ,alterum
1030 1163 1168 1220 tamen
1185 1135 1297 1248 quod
1312 1161 1492 1246 urgetur,
1502 1129 1571 1216 seu
1583 1137 1732 1247 rapitur

354 1245 762 1362 avalidiori,potest,
775 1247 878 1334 faur
890 1246 1064 1363 imperiis
1085 1251 1327 1345 aeeeffione,
1345 1249 1434 1364 plus
1446 1246 1557 1362 spatij
1571 1277 1734 1363 percur-

353 1398 466 1464 tere,
479 1361 603 1480 qulm
615 1392 690 1478 pro
702 1357 777 1446 suis
790 1362 963 1448 viribus:
977 1366 1198 1480 impeditur
1213 1364 1409 1480 siquidem
1420 1391 1554 1446 motus
1568 1393 1651 1448 non
1664 1362 1734 1448 ab·

352 1479 508 1578 solute,
527 1475 724 1594 sedjuxtd
736 1507 827 1564 eam
840 1479 1117 1566 disertionem
1150 1483 1266 1564 Hinc
1282 1479 1328 1564 fit
1341 1508 1484 1594 corpus
1502 1475 1737 1564 liabensdi-

355 1600 577 1684 restionem
589 1593 902 1682 &velocitatem
919 1601 957 1680 A
971 1598 1009 1682 C
1026 1601 1226 1680 minorem
1242 1593 1457 1682 velocitate
1477 1597 1560 1678 AB
1572 1623 1733 1708 promo-

354 1717 440 1800 veri
453 1705 557 1794 ultra
575 1713 773 1824 punitum
792 1715 822 1798 F
840 1715 886 1792 in
897 1709 1004 1793 linea
1022 1717 1138 1796 mixti
1153 1707 1287 1796 morlia
1309 1715 1418 1795 AD.

415 1832 473 1914 At
488 1829 622 1940 inquis
644 1861 655 1909 ι
683 1855 737 1908 an
755 1824 784 1906 si
799 1853 930 1908 nauta:
949 1831 1068 1910 remis
1089 1820 1540 1938 incumbant,velisque
1556 1821 1733 1938 obliquis

355 1971 527 2030 ventum
540 1943 771 2054 excipiant,
788 1939 938 2025 tardior
954 1946 1031 2024 erit
1042 1971 1202 2041 motus,
1219 1938 1344 2057 quam
1359 1943 1386 2024 ii
1400 1939 1590 2024 navisvel
1607 1935 1630 2024 a
1647 1938 1734 2024 lolrs

318 2083 322 2088 ’
356 2056 602 2170 remigibus,
620 2054 685 2141 vel
705 2050 824 2138 l'solo
837 2083 961 2138 vento
980 2055 1281 2170 impelleretur?
1298 2059 1544 2142 contrarium
1559 2051 1653 2140 sane
1669 2059 1734 2138 vi-

339 2175 478 2262 ¹detur
489 2173 738 2286 experientia
749 2173 950 2256 evincere.
980 2171 1277 2258 Verbmlirem
1287 2171 1480 2256 attentius
1496 2171 1734 2268 confideres,

357 2287 479 2374 aliam
495 2283 617 2402 plane
639 2277 718 2370 elle
738 2290 936 2370 rationem
959 2288 1268 2402 deprehendes,
1289 2317 1385 2372 curn
1403 2287 1487 2371 duo
1511 2283 1737 2400 corporale

356 2406 565 2490 moventia
585 2401 750 2487 vicissim
763 2398 801 2482 se
813 2403 1042 2516 impediunt
1055 2465 1066 2501 ,
1081 2403 1202 2487 aliam
1215 2402 1310 2490 cum
1326 2432 1457 2490 unum
1470 2397 1657 2516 alduplici
1668 2431 1736 2488 ex·

247 2552 252 2562 ’
358 2514 533 2606 trinseco
549 2521 705 2633 impetu
717 2519 762 2600 in
781 2513 936 2620 diversa
954 2516 1347 2634 direuormpellitur
1359 2554 1371 2602 r
1384 2519 1440 2604 de
1453 2515 1735 2602 illrshauenln

357 2631 487 2720 sermo
505 2632 604 2730 fuit,
626 2661 760 2746 neque
778 2629 858 2716 ulla
882 2635 984 2716 ratio
997 2627 1164 2718 suadere
1184 2633 1316 2748 potest
1327 2631 1505 2718 velocius
1521 2627 1544 2713 l
1563 2631 1737 2718 tardiore

357 2752 532 2862 incitari,
542 2777 790 2863 quamquam
802 2747 953 2832 tardius
971 2743 995 2832 d
1011 2747 1212 2834 velociore
1227 2776 1430 2862 urgeatur,
1443 2777 1487 2830 ut
1497 2747 1651 2830 dierum
1664 2746 1736 2832 est.

416 2869 474 2950 At
496 2863 526 2948 ss
551 2893 678 2948 unum
696 2891 841 2976 corpus
860 2859 882 2946 l
902 2862 1063 2950 duobus
1079 2864 1263 2982 aqualis
1260 2893 1330 2951 aut
1350 2859 1558 2978 inaequalis
1576 2868 1735 2946 virtutis

360 2983 560 3094 impetum
582 2983 774 3092 recipiat,
793 2983 934 3094 utique
957 2985 1087 3094 magis
1105 2979 1309 3079 intensus,
1331 2979 1394 3065 vel
1415 2979 1443 3062 fi
1464 2979 1737 3064 intenfionem

357 3090 521 3212 proprie
535 3095 684 3178 diuam
696 3119 821 3215 neges
831 3153 843 3191 ,
856 3094 969 3180 certe
990 3099 1118 3210 major
1129 3097 1189 3182 est
1206 3103 1402 3214 impetus,
1422 3091 1545 3210 qudm
1561 3094 1591 3178 st
1607 3095 1658 3180 ab
1674 3093 1733 3177 al-

359 3239 513 3296 terutro
529 3207 687 3294 tantiam
700 3211 898 3322 reciperet
913 3214 1110 3330 impetum
1122 3249 1134 3294 r
1147 3241 1273 3326 quare
1289 3211 1345 3296 nil
1363 3216 1512 3294 mirum
1527 3269 1538 3312 ,
1552 3209 1736 3294 lieamo·

359 3322 424 3410 abs
437 3323 628 3441 velocitas
640 3317 930 3436 conisquatur,
949 3356 1037 3440 quae
1051 3354 1270 3441 utrumque
1284 3333 1481 3442 impetum
1500 3323 1735 3438 singillatim

358 3435 561 3554 sumptum
570 3467 729 3537 vmcat,
744 3444 928 3552 quamvis
941 3467 1114 3556 utroque
1127 3441 1242 3526 fimul
1256 3438 1416 3557 sumpto
1426 3443 1628 3538 minorsrt,
1640 3445 1738 3554 quia

359 3555 516 3644 habent
535 3555 775 3640 directiones
797 3553 1018 3669 oppolitas,
1035 3583 1083 3639 ut
1099 3555 1195 3642 alibi
1214 3556 1494 3672 explicabitur.
1536 3559 1652 3640 Hinc
1675 3554 1738 3640 est

164 3725 166 3732 ι
229 3777 234 3788 ι
359 3677 497 3757 navim
515 3669 693 3756 velocius
714 3675 780 3781 agi
794 3669 892 3754 velis
910 3665 1128 3786 remisque,
1147 3669 1272 3788 qudm
1292 3673 1408 3758 sraut
1426 3668 1505 3760 soll
1520 3699 1739 3756 ventorum

359 3789 425 3888 ri,
441 3811 512 3870 aut
529 3780 609 3870 sola
629 3787 830 3894 remigum
845 3813 923 3897 ope
944 3785 1256 3901 propelleretur,
1275 3799 1317 3874 δι
1333 3785 1543 3900 cymbam,
1559 3789 1661 3872 dum
1673 3783 1737 3869 se-

359 3902 498 3988 cundo
514 3897 682 3986 flumine
703 3904 882 4013 rapitur,
901 3897 1099 4018 simulque
1119 3909 1237 3990 tensis
1258 3903 1311 3988 ad
1329 3904 1497 3992 alteram
1517 3907 1644 4016 ripam
1658 3909 1742 3984 im-

355 4015 544 4132 pellitur,
555 4013 735 4102 velocilts
749 4018 927 4112 moveri,
945 4013 1070 4131 quim
1083 4025 1210 4106 autin
1227 4016 1368 4130 stagno
1382 4013 1522 4103 eidem
1535 4024 1741 4131 remigum

328 4215 331 4222 .
357 4131 591 4246 operiant
607 4125 631 4216 ὲ
645 4129 817 4216 flumine
839 4125 1080 4219 cellantibus
1095 4139 1215 4220 remis
1229 4161 1430 4246 ageretur.
1458 4127 1741 4248 Qemadmo-

357 4247 460 4334 dum
471 4250 583 4330 enim
608 4275 743 4362 neque
759 4274 904 4330 ventus
921 4278 1052 4334 remor
1066 4249 1263 4364 impellit,
1280 4279 1415 4362 neque
1432 4249 1485 4334 ab
1503 4253 1569 4335 his
1588 4277 1738 4336 ventus

358 4359 607 4476 impellitur,
620 4367 676 4446 ita
693 4391 827 4478 neque
840 4357 879 4446 se
893 4367 1056 4450 viciffim
1066 4362 1301 4452 immediate
1314 4365 1547 4480 impediunt
1558 4393 1651 4462 ,aut
1661 4361 1740 4448 sibi

358 4469 510 4562 mutub
524 4505 752 4590 repugnant
763 4511 776 4570 5
786 4505 908 4592 atque
919 4477 1025 4568 aded
1038 4481 1192 4566 nonest
1204 4479 1274 4566 hle
1292 4481 1434 4566 eadem
1448 4477 1742 4596 philosophan-

351 4592 405 4704 di
420 4593 549 4692 ratio,
568 4594 819 4682 accumduo
832 4595 1086 4714 corporafibi
1098 4599 1279 4688 nucem
1289 4595 1523 4688 immediate
1536 4595 1744 4692 reiistunt,
