3794 5266
344 151 353 166 .
424 129 428 142 Ι
484 195 878 354 Liberquartut.
917 192 1255 316 CAPuTVI.
1442 241 1556 344 407

178 379 327 472 flexilis
342 367 519 482 rigidum
534 357 748 448 brachium
760 356 985 470 adjaceret,
1001 350 1070 436 cui
1086 355 1245 467 pondus
1261 355 1552 448 adnectentur.

175 497 337 589 Verum
353 491 449 605 quia
461 481 620 598 pondus
634 469 698 559 sui
711 477 909 586 gravitate
923 467 1066 554 resistit
1078 529 1089 567 ,
1101 470 1201 554 durn
1215 475 1337 556 vetus
1352 503 1552 579 movetur,

173 613 379 702 retinetur
398 591 697 714 aliquantulum
714 591 821 674 funis
838 581 1081 700 ipondere,
1102 595 1142 669 δι
1161 587 1357 698 angulum
1383 589 1552 679 subinde

171 736 372 842 majorem
384 749 479 804 curn
489 715 602 800 veste
618 705 768 800 efficit3
785 703 961 790 trahitur
972 729 1108 787 tamen
1128 707 1310 814 pondus,
1329 703 1487 806 sedita,
1507 737 1553 793 ut
1623 741 1628 768 r

174 845 414 934 violentiam
432 829 570 916 subeat
596 819 720 940 quhn
736 821 947 904 minimam
964 846 1038 932 pto
1068 821 1223 900 ratione
1246 819 1452 934 positionis
1471 857 1482 916 5
1503 807 1551 910 :ic

171 983 387 1082 propterea
403 949 554 1034 lineam
569 967 736 1027 curvam
754 935 881 1022 helici
896 931 1066 1018 similem
1085 929 1296 1030 describit,
1314 965 1396 1049 quo
1416 938 1466 1020 ad
1486 939 1551 1022 fu-

172 1073 241 1164 nis
256 1099 410 1161 certum
425 1059 622 1174 angulum
633 1083 798 1140 acutum
818 1053 830 1147 (
842 1080 916 1166 pro
933 1076 978 1134 ut
993 1049 1124 1146 funis,
1140 1076 1210 1130 aut
1221 1077 1310 1162 pars
1325 1055 1448 1136 vetus
1464 1052 1551 1138 lon.
1638 1067 1653 1082 ·

172 1198 308 1306 giotes
323 1185 503 1276 fuerint,
533 1175 612 1260 sive
631 1170 857 1262 breviores)
876 1195 973 1250 cum
987 1166 1102 1249 vene
1116 1161 1358 1260 constituat3
1378 1171 1549 1280 quode.

171 1310 273 1396 inde
288 1295 440 1414 angulo
456 1315 647 1403 manente
662 1286 822 1400 pondus
834 1286 878 1365 in
896 1309 1041 1394 gyrum
1054 1277 1219 1362 ducitur
1227 1308 1300 1394 per
1311 1283 1451 1366 circuli
1468 1313 1551 1369 am-

172 1423 321 1514 bitum.
365 1405 610 1500 Observabis
625 1405 735 1487 enim
752 1393 876 1514 positi
888 1397 1031 1481 eadem
1050 1397 1175 1478 vestis
1189 1421 1301 1508 parte
1319 1457 1330 1492 ,
1353 1395 1440 1512 qud
1457 1398 1548 1484 bre.

171 1548 267 1628 vior
280 1537 401 1622 fuerit
413 1527 544 1617 funis,
560 1515 614 1604 εὸ
625 1519 819 1626 majorem
832 1507 910 1596 ell'e
925 1509 1121 1622 angulum
1134 1507 1262 1606 illum,
1275 1513 1327 1596 ad
1341 1544 1465 1630 quem
1479 1519 1551 1602 de.

172 1625 1549 1752 venitur,&inquoconlistiturnccillumaugendonecminuendo.
1604 1647 1606 1652 ’

174 1765 348 1892 Qrodsr
365 1740 1273 1859 inlunemeddemvedtispartelongioremita
1286 1742 1492 1858 disponas,
1506 1777 1552 1830 ur

171 1919 263 1976 non
276 1885 380 1968 vetii
396 1893 607 1982 congruat,
619 1862 685 1948 sed
695 1891 790 1945 curn
803 1859 872 1943 illo
883 1857 1080 1969 angulum
1094 1855 1257 1954 efficiat,
1271 1862 1551 1948 circumducto

168 2007 291 2091 vecte
303 2004 358 2080 ita
376 1989 534 2108 pondus
544 2011 615 2096 per
635 1976 810 2062 helicem
823 1978 977 2058 moveri
996 1969 1165 2066 videbis,
1179 1999 1224 2054 ut
1238 1974 1548 2060 diminutosub.

171 2121 272 2205 inde
288 2107 454 2222 angulo,
466 2103 633 2188 demum
643 2091 752 2178 funis
767 2094 872 2176 veui
887 2095 930 2172 in
943 2088 1086 2174 eadem
1098 2085 1206 2171 seul
1217 2085 1323 2173 lineri
1339 2117 1549 2201 congruat,

171 2248 219 2324 δι
232 2228 420 2347 ponderis
430 2219 532 2303 ultra
544 2207 881 2325 hypomochlium
895 2207 1095 2288 manentis
1111 2205 1252 2284 tractio
1264 2203 1418 2288 desinat
1432 2244 1440 2287 ι
1454 2213 1550 2321 quia

169 2347 367 2436 videlicet
386 2327 575 2453 ponderis
593 2329 766 2440 gravitas
783 2317 964 2404 resistens
982 2317 1082 2402 licet
1095 2317 1303 2417 trahatur,
1324 2324 1469 2404 retinet
1486 2351 1548 2404 ta·-

171 2495 271 2552 men
285 2461 450 2549 funem,
467 2459 508 2533 dc
524 2444 722 2528 minuitur
734 2435 939 2566 NanguluS,
960 2431 1085 2550 usque
1105 2432 1205 2517 dum
1222 2439 1352 2516 omnis
1374 2435 1549 2547 angulus

168 2607 323 2700 pereat.

232 2681 482 2802 Huiusmodi
501 2669 635 2760 motin·
650 2666 808 2755 causam
823 2663 1128 2780 deprehendes,
1149 2663 1176 2746 fi
1191 2663 1346 2750 attente
1364 2661 1549 2779 inspicias

171 2812 346 2931 pondus,
359 2831 454 2887 cum
466 2791 590 2878 vectis
604 2797 646 2872 in
665 2815 809 2898 gyrum
824 2787 977 2864 moveri
995 2777 1151 2894 incipit,
1161 2783 1217 2862 ita
1233 2783 1351 2878 trahi,
1366 2809 1411 2864 ut
1425 2785 1548 2865 etiarn
1621 2849 1626 2868 ,

170 2918 471 3041 aliquantulum
491 2915 598 2994 circa
625 2901 740 2986 suum
762 2925 947 2982 centrum
966 2893 1196 3008 gravitatiS,
1215 2923 1285 2979 aut
1310 2897 1417 2978 circa
1437 2893 1548 2982 aliud

170 3045 371 3161 pnnclum
390 3039 546 3142 (neque
567 3025 676 3106 enim
690 3016 760 3100 hic
774 3009 955 3096 locusest
972 3013 1168 3126 punctum
1180 3008 1280 3094 illud
1293 3009 1545 3108 deliniendi)

170 3160 361 3248 volvatur
374 3183 385 3242 ι
404 3177 453 3230 ex
477 3171 556 3258 qua
576 3131 838 3221 converfione
860 3127 1076 3209 firminore
1104 3153 1219 3209 motu
1237 3155 1337 3240 opus
1362 3121 1469 3224 else,
1501 3123 1546 3212 ut

171 3274 335 3394 pondus
362 3257 630 3373 consequatur
658 3249 889 3332 trahentem
915 3279 924 3326 ι
951 3239 1021 3326 ubi
1046 3236 1145 3325 veri)
1167 3267 1277 3326 tanta
1300 3237 1405 3324 fana
1423 3239 1548 3328 fuerit

171 3388 365 3508 ponderis
384 3383 490 3462 circa
514 3368 627 3455 suurn
647 3391 832 3490 centrum
850 3357 1081 3455 conversr0,
1100 3385 1145 3438 ut
1166 3357 1253 3438 stin
1266 3356 1399 3456 hanc,
1420 3357 1485 3443 vel
1503 3353 1546 3446 in

169 3509 283 3594 illam
300 3523 453 3616 partem
469 3488 605 3574 adhuc
626 3490 950 3571 converteretur,
963 3473 1154 3581 majorem
1167 3467 1315 3554 subiret
1328 3476 1372 3554 in
1386 3477 1545 3558 trallio-

169 3655 227 3713 ne
240 3617 499 3706 uiolentiam,
515 3605 595 3690 hoc
613 3595 695 3692 est,
717 3616 937 3706 cogeretur
947 3589 1141 3697 majorem
1162 3613 1319 3670 motum
1335 3588 1544 3701 perficere,
1648 3615 1654 3626 ·

167 3735 299 3860 quim
318 3733 364 3814 srt
381 3745 513 3850 motus
528 3709 716 3832 ejusdem¹
732 3705 842 3792 nulli·
855 3699 958 3790 fastai
976 3706 1084 3786 circa
1106 3697 1220 3786 suum
1238 3699 1340 3787 illud
1355 3732 1543 3790 centrum

165 3849 452 3946 conversione,
465 3819 896 3937 tuncmanetnngulus
911 3817 1123 3903 funiscum
1138 3821 1365 3917 ventum
1379 3819 1457 3926 janr
1470 3849 1542 3904 au·

165 4000 292 4089 getur
305 3989 375 4050 aut
394 3954 603 4066 minuitur.
652 3941 763 4058 Quia
778 3967 937 4030 autem,
957 3937 1110 4019 caeteris
1133 3933 1324 4048 paribus,
1343 3929 1431 4048 qud
1447 3933 1541 4018 bre-

162 4095 262 4183 vior
275 4078 480 4169 estfunis,
498 4065 552 4154 ed
571 4063 698 4175 major
716 4060 762 4144 fit
770 4050 959 4171 ponderis
975 4055 1087 4136 eirca*
1097 4047 1211 4135 suum
1228 4075 1416 4134 centrum
1435 4077 1539 4134 con·

163 4183 327 4294 veihos
348 4213 558 4310 propterea
571 4177 622 4264 ad
641 4180 836 4290 majorem
848 4165 1047 4280 angulum
1060 4169 1226 4253 demum
1241 4162 1458 4247 inclinatur
1470 4165 1539 4250 fu-

162 4325 233 4408 nis
247 4322 291 4400 in
303 4314 473 4398 vestem.
500 4298 577 4384 Sed
593 4293 729 4377 inhoc
745 4285 899 4374 nonest
917 4281 1070 4373 diutius
1084 4279 1381 4370 immorandum
1398 4311 1414 4379 5
1430 4309 1541 4371 ratur

161 4438 320 4556 quippe
338 4423 398 4515 est
407 4408 643 4552 hujusmodi
659 4406 861 4496 tractionis
881 4397 984 4489 usus.

1316 4735 1539 4834 CAPUT
