3794 5270
401 171 564 288 Liber
570 175 829 336 septim.
870 177 1103 296 ‘CAPUT
1135 183 1237 296 Xl.
1400 221 1514 324 727

139 333 338 454 novdque
349 335 432 424 hoc
446 336 603 454 impetu
619 339 748 424 sinon
762 350 966 460 aequatur,
979 343 1050 456 qui
1066 331 1523 432 refillentiddiminutut

139 461 300 557 suerat,
323 453 460 542 saltem
482 459 722 540 incrementi
739 454 910 568 alicujus
937 454 1265 574 compensatione
1287 454 1436 544 lenitur
1450 463 1516 550 in-

135 570 403 662 commodum
414 573 668 670 detrimenti,
685 580 728 658 δι
745 574 872 686 major
887 572 933 656 fit
945 600 1103 670 motus,
1118 569 1242 688 qualm
1254 602 1328 688 pro
1339 575 1521 662 Ratione

135 692 285 776 refidui
301 684 477 804 imperiis
494 712 589 773 ante
602 688 889 798 percussionem
907 698 948 775 δι
966 689 1293 804 compressionem
1312 695 1514 808 concepti.

196 808 299 892 Hace
316 807 461 892 eadem
510 806 738 912 roportione
755 802 932 890 dicenda
956 801 1070 904 sunt,
1093 805 1256 920 quando
1268 835 1353 888 non
1368 839 1513 925 eorpus

136 926 369 1035 percutiens
385 983 396 1020 ,
411 951 458 1006 ur
517 919 579 1006 llis
595 921 637 1004 in
662 939 818 1028 terram
830 917 1024 1006 decidens
1040 976 1051 1018 ,
1070 915 1135 1005 sed
1154 916 1381 1036 perculsum
1398 919 1513 1012 com·

136 1041 326 1155 primitur
341 1063 412 1120 aut
434 1036 696 1132 distrahitur,
711 1044 753 1121 dt
772 1039 920 1120 virtute
937 1033 1101 1120 elasticd
1114 1032 1153 1122 se
1168 1035 1364 1133 restituit,
1380 1037 1512 1154 impe-

136 1157 352 1258 tumeuim
380 1156 640 1265 concipiens,
664 1165 747 1267 quo
761 1147 1124 1264 amissamliguram
1138 1179 1370 1267 recuperet,
1390 1163 1516 1242 etiam

61 1335 65 1344 .
135 1272 380 1382 percutienti
407 1267 608 1382 impetum
630 1271 852 1382 imprimit,
876 1295 959 1383 quo
978 1265 1195 1382 repellitur.
1241 1271 1307 1350 Sic
1324 1271 1366 1352 in
1382 1265 1512 1384 sphae-

135 1387 167 1466 ri
176 1381 292 1465 sterio
304 1380 480 1470 immilsae
504 1381 594 1500 pilae
615 1381 648 1465 si
674 1383 890 1466 reticulum
910 1411 960 1470 ex
984 1387 1179 1466 contortis
1196 1382 1429 1470 animalium
1445 1391 1511 1472 in·

135 1496 292 1582 testinis
304 1504 346 1581 in
358 1497 495 1612 plagas
513 1498 749 1583 distinctum
762 1497 980 1604 obiecerit,
995 1495 1165 1585 validilts
1184 1497 1403 1584 rellcdtitur
1417 1497 1514 1618 pila,

134 1611 430 1727 quimobjeclo
442 1613 749 1726 batilloligneo,
764 1611 913 1696 intenti
925 1613 1037 1698 enim
1057 1619 1171 1699 nervi
1186 1613 1266 1712 illi,
1284 1644 1334 1698 ox
1352 1619 1509 1733 impetu

134 1725 228 1841 pilae
249 1727 387 1814 iullexi
401 1790 413 1828 ,
428 1725 967 1828 validilsrmeserellitunnt,
982 1727 1027 1813 id
1048 1731 1160 1844 quod
1176 1728 1289 1841 ligno
1305 1759 1391 1814 non
1410 1763 1510 1822 con·

136 1841 446 1962 tingit,quippc
461 1849 572 1960 quod
593 1852 660 1932 vix
674 1843 876 1930 elallicam
888 1845 996 1930 hauc
1009 1847 1202 1932 virtutem
1210 1871 1394 1943 exercet,
1410 1847 1437 1930 si
1454 1877 1510 1936 ra-

132 1987 234 2043 men
250 1957 549 2074 apilnimpauu
568 1968 790 2078 quicquam
798 1954 1029 2046 inflexionis
1044 1957 1201 2068 recipit,
1211 1989 1302 2076 quae
1314 1959 1511 2078 compres-

131 2075 192 2159 fio
206 2077 254 2157 stt
265 2073 422 2190 potius,
442 2073 565 2190 qualm
588 2073 792 2190 depreffio
839 2079 944 2276 Οἴιικ
964 2072 1115 2161 scilicet
1134 2103 1404 2189 corporatam
1419 2105 1514 2186 par-

131 2196 240 2274 tium
257 2217 456 2274 texturam
469 2193 645 2292 habent,
660 2219 706 2274 ut
722 2187 857 2277 minbs
886 2215 999 2275 crant
1012 2187 1051 2276 se
1069 2185 1091 2274 al
1107 2196 1238 2307 priore
1256 2190 1511 2302 positione&

131 2305 268 2417 figure
281 2307 477 2390 dimoveri
490 2369 500 2406 ,
515 2308 581 2392 illa
592 2305 672 2393 sese
683 2311 834 2418 majore
848 2311 1002 2422 impetu
1016 2305 1241 2392 restituunt.

131 2483 135 2490 -
161 2419 256 2504 'ix
270 2421 334 2506 his
350 2420 528 2522 constat,
543 2453 616 2508 cur
629 2420 804 2537 partium
820 2423 872 2507 de
901 2421 1013 2506 reffio
1032 2421 1183 2508 officiat
1195 2418 1510 2507 reflexioni'eor-

128 2535 243 2646 poris
255 2542 545 2650 percutientis:
561 2544 658 2654 quia
668 2543 857 2621 nimirum
872 2451 901 2621 l
911 2535 1197 2652 posterioribus
1210 2535 1316 2620 illius
1332 2538 1518 2654 parribus·

126 2679 335 2765 urgentur
345 2653 563 2738 anteriores
574 2657 778 2738 contadui
791 2656 1003 2762 proximae,
1018 2683 1107 2766 quae
1119 2653 1281 2738 interim
1293 2653 1356 2738 vel
1372 2651 1508 2770 quies—

128 2797 238 2852 cunt
257 2827 269 2864 ,
290 2767 354 2852 vel
377 2765 511 2856 mul'tb
531 2767 680 2873 tardius
700 2795 918 2854 moventur
934 2828 946 2865 ,
964 2767 1028 2851 rel
1042 2769 1091 2852 ad
1105 2767 1210 2853 latus
1227 2765 1419 2854 secedunt
1435 2831 1446 2868 ,
1464 2779 1511 2856 δι

127 2877 294 2968 idcircb
308 2883 371 2968 vel
386 2911 541 2983 toturn,
559 2884 622 2970 vel
633 2881 719 2969 serb
730 2909 888 2981 totum,
909 2879 1233 2999 strumimpetum
1255 2886 1504 2999 deperdunt:

126 2996 373 3114 posteriores
392 2997 493 3084 verb
518 3001 616 3083 dum
635 3025 785 3109 urgent
806 3027 853 3082 ae
872 3023 1082 3114 premunt,
1101 3029 1315 3084 moventur
1328 2999 1514 3112 quidem,

127 3114 210 3200 sed·
223 3117 429 3226 reperiunt
459 3115 721 3200 rofistentiam
741 3111 1030 3198 subsidentium
1053 3117 1227 3230 partium
1247 3113 1514 3212 anteriorum,

125 3225 373 3345 atqueadcb
383 3229 427 3312 in
438 3229 515 3314 illis
529 3235 677 3344 pariter
691 3233 889 3312 minuitur
903 3233 1077 3342 impetus
1085 3263 1097 3323 5
1107 3227 1323 3345 saepiusque
1340 3258 1449 3340 tanta
1462 3227 1515 3313 fit

125 3339 308 3461 imperils
320 3346 538 3430 diminutio
550 3407 562 3442 ,
576 3373 644 3443 ut,
658 3345 903 3458 depressione
919 3339 1121 3442 absoluti,
1140 3371 1267 3452 partes
1280 3344 1507 3460 illaeposte-

122 3461 260 3548 riores
273 3459 474 3574 reliquum
493 3489 577 3542 non
592 3453 769 3544 habeant
782 3485 941 3562 tantum
961 3458 1159 3574 impetus,
1174 3465 1244 3574 qui
1257 3458 1420 3546 uincere
1434 3489 1508 3544 va-

122 3580 213 3666 leat
237 3573 501 3686 gravitatem,
517 3585 559 3661 dt
585 3571 850 3658 reflexionem
867 3573 1027 3660 efficere
1042 3609 1054 3668 ς
1074 3604 1208 3690 neque
1225 3579 1335 3660 enim
1352 3573 1512 3690 aliquid

119 3673 258 3780 amissi·
282 3687 457 3808 impetlu
480 3685 760 3805 compensstur
776 3687 833 3773 ab
843 3687 999 3806 impetu
1024 3721 1134 3774 novo
1148 3690 1373 3805 partiumse
1390 3691 1510 3776 resti·

122 3803 1507 3920 tuentiumquemtdmodumftoridiximusincompreffione.Quam

61 4005 66 4024 7
120 3913 339 4014 do‘aurem
352 3923 545 4038 depressio
557 3925 732 4037 partium
746 3919 895 4005 accidit
909 3925 1100 4035 corpori,
1127 3923 1304 4038 adquod
1327 3919 1515 4008 alliditur

117 4069 281 4156 corpus
291 4044 543 4154 percutiens,
559 4065 603 4121 ut
614 4034 709 4124 ciam
720 4033 766 4118 in.
777 4063 940 4122 arenam
950 4037 1095 4122 liccam
1107 4067 1158 4122 acw
1170 4035 1514 4150 pulverulentam,

114 4187 200 4248 aut
228 4161 276 4238 in
298 4151 477 4238 limosam
495 4183 642 4238 terram
666 4150 824 4237 decidit
837 4150 1005 4263 globus,
1023 4181 1122 4238 tunc
1138 4149 1314 4234 multum
1333 4149 1512 4268 imperils

118 4271 611 4384 deperditur,utdictum
623 4265 870 4384 estsuperilts
892 4269 944 4352 de
956 4271 1036 4352 inu
1048 4329 1059 4360 ,
1071 4271 1139 4382 qui
1155 4260 1208 4350 ed
1224 4267 1513 4367 infirmiorest,
1620 4359 1624 4368 .

118 4387 218 4508 qud
235 4385 465 4470 molliusest
477 4413 623 4499 corpus
635 4376 862 4498 perculsum
871 4385 1064 4482 ,reflexio
1075 4383 1210 4466 autem
1225 4379 1277 4466 ed
1291 4389 1419 4498 major
1433 4382 1513 4483 est,

119 4503 222 4622 qud
258 4500 458 4588 validiore·
491 4501 578 4586 ruo
608 4496 834 4616 percutitur
861 4531 1012 4614 corpus.
1041 4499 1270 4582 rodericus.
1314 4493 1442 4616 Qdd
1476 4501 1511 4584 u

116 4643 354 4733 utrumque
374 4647 541 4736 corpus,
557 4647 640 4706 tam
662 4623 915 4732 percutient,
929 4611 1053 4734 qudm
1067 4608 1508 4732 perculsttm,pariatur
1583 4683 1595 4706 s

106 4799 109 4805 .
1272 4729 1512 4848 comprellio
