3818 5264
340 245 425 379 76,
678 319 685 336 .
792 223 1226 354 ,Methanicorum
1253 251 1278 284 ·’

333 386 596 484 validioribus
613 417 737 510 atque
756 390 1080 488 incitatioribus,
1101 387 1168 473 sed
1180 392 1416 504 -temperatis
1431 393 1555 476 etiarn
1581 381 1728 506 atqut''

332 507 609 596 mediocribus
635 505 767 590 uentis
792 505 996 592 flantibus.
1024 509 1104 590 ,Hi
1122 531 1268 596 autem
1278 504 1497 620 aliquando
1524 505 1709 591 diuturni

331 624 453 719 sums
470 618 694 736 cujusmodi
710 619 1226 737 potillrmtunsuntEtesrae,
1245 620 1394 735 quibus
1412 624 1601 704 maritimi
1616 651 1708 706 cur-

331 737 395 826 sus
414 738 588 834 celeres,
608 742 762 824 &certi
776 740 1019 850 diriguntur.
1048 741 1132 822 Tot
1151 739 1445 846 igiturdierum
1457 736 1713 849 spammeti-

333 879 377 938 to
388 853 589 970 oppositos
606 881 764 937 montes
787 850 1072 940 vehementibs
1092 877 1263 961 urgente
1280 910 1291 948 ,
1317 879 1401 934 non
1418 853 1578 934 modica
1595 849 1712 934 fieret

197 1067 199 1074 ι
332 973 482 1052 terreni
507 964 618 1078 globi
645 967 882 1062 inclinatior
903 1000 950 1053 ac
995 994 1176 1080 ropterea
1192 994 1274 1048 non
1287 966 1430 1050 eadem
1441 967 1609 1049 demum
1619 993 1715 1079 per-

291 1121 298 1137 ·
332 1111 515 1168 maneret
534 1083 680 1166 codem
695 1087 739 1165 in
749 1081 849 1167 loco
864 1083 948 1166 Poli
966 995 1083 1196 luprb
1096 1084 1372 1180 Horizontem
1388 1079 1585 1176 altitudo,
1601 1099 1718 1191 quo-'-

334 1203 409 1282 ties
428 1195 480 1282 ab
501 1195 696 1280 alterutro
719 1199 888 1310 cardine
897 1196 1071 1288 Australi
1097 1195 1320 1280 Boreali-ve
1341 1256 1352 1292 ,
1385 1222 1457 1278 aut
1477 1191 1499 1277 d
1519 1171 1711 1278 solstitiali

331 1309 580 1409 brumali-ve
592 1309 721 1394 limite
734 1339 817 1396 tam
828 1319 962 1396 ortivo
973 1308 1096 1426 qudrn
1112 1310 1286 1394 occiduo
1298 1337 1444 1393 ventus
1459 1306 1633 1424 spiraret,
1644 1335 1732 1392 ar-¹¹

332 1456 414 1542 que
435 1424 653 1510 multarum
672 1425 819 1522 aedium
840 1426 962 1512 facies
982 1455 1066 1508 non
1079 1425 1252 1508 eandem
1270 1421 1440 1537 amplibs
1464 1420 1716 1538 respicerent·

332 1540 422 1625 caeli
440 1539 628 1654 plagam3
650 1569 773 1654 quare
793 1551 833 1626 bc
857 1539 1093 1624 scietherica
1109 1539 1334 1650 Horologia
1352 1543 1611 1652 quantumvis
1636 1569 1722 1634 :sc-2¹

332 1657 474 1739 curate
487 1651 605 1738 semel
617 1652 814 1768 descripta
826 1654 915 1770 post
926 1649 1124 1739 nonadeb
1138 1653 1283 1736 multas
1300 1653 1709 1768 temporuminclina-
1828 1729 1837 1750 ,

332 1773 466 1856 tiones
487 1795 574 1852 toto
595 1768 681 1854 fere
704 1769 803 1854 caelo
821 1769 1115 1882 discreparent3
1133 1768 1219 1852 aliis
1237 1773 1368 1866 enim,
1381 1795 1504 1880 atque
1519 1767 1605 1852 aliis
1615 1767 1710 1852 sub·
1818 1833 1820 1836 -

331 1883 430 1968 inde
450 1881 641 1966 flantibus
657 1887 813 1982 ventis,
828 1889 937 1968 varia
954 1890 1126 1986 oriretur
1138 1883 1244 1968 orbis
1257 1883 1713 1999 converfio,atquealia

331 1991 549 2118 planorum
563 2027 658 2082 cum
670 1996 1016 2088 circidisborariis
1028 1995 1613 2112 sedimquaedescriptislineis
1625 2028 1721 2098 non,

220 2151 224 2159 ·
333 2137 592 2224 congrueret.
630 2114 771 2227 Hujus
802 2143 939 2200 autem
957 2116 1190 2198 mutationis
1215 2111 1372 2196 nullum
1387 2117 1445 2194 'in
1476 2141 1562 2196 toto
1585 2142 1717 2198 tetra·-

333 2255 426 2315 rum
449 2225 548 2312 orbe
575 2226 794 2342 vestigium
817 2255 1013 2344 apparet,
1043 2227 1117 2314 nist
1146 2227 1252 2314 forte
1273 2223 1429 2312 fabulas
1454 2225 1575 2312 liceat
1598 2257 1715 2326 cotug

335 2337 507 2442 minisci.
778 2437 782 2446 ,
1296 2429 1326 2442 ,.
1536 2369 1539 2374 “

394 2451 528 2578 de
554 2455 582 2542 fi
609 2449 915 2541 conversionem
946 2453 1053 2540 hanc
1081 2483 1167 2539 non
1192 2449 1364 2542 omninb
1394 2457 1500 2540 circa
1521 2468 1730 2542 centrum?

334 2599 639 2687 quamcumque
660 2577 704 2656 in
718 2599 874 2687 partem
901 2569 987 2654 fieri
1013 2631 1028 2668 ,
1056 2565 1122 2654 sed
1149 2572 1429 2662 tantummodo
1452 2579 1559 2653 circa
1576 2579 1718 2674 axem,

333 2691 509 2784 dixeris,
533 2714 579 2770 ut
598 2690 828 2800 argumenti
846 2689 930 2770 vim
943 2681 1115 2798 effugias
1132 2719 1143 2780 3
1167 2687 1282 2795 Quid
1303 2683 1404 2768 illud
1424 2685 1503 2784 est,
1523 2687 1634 2798 quod
1651 2691 1721 2788 ita,-

334 2799 562 2894 terrestrem
580 2832 698 2886 axem
723 2831 818 2884 cum
838 2799 982 2884 caelesti
1003 2799 1239 2914 colligatum
1261 2799 1385 2896 velit,
1408 2829 1453 2883 ut
1472 2828 1607 2884 tamen
1628 2829 1724 2906 ter-2.

334 2915 476 3002 restres
503 2911 787 3002 meridianosal
811 2913 939 3031 primal
963 2917 1107 3000 mundi
1123 2913 1333 3000 molitione
1347 2913 1584 2998 constitutos
1599 2945 1720 3024 tem,²

335 3037 443 3147 poris
466 3026 583 3144 lapfit
604 3061 700 3132 curn
722 3027 945 3122 caelestibus
961 3033 1192 3142 meridianis
1206 3059 1290 3114 non
1306 3033 1523 3115 convenire
1542 3037 1721 3144 permit-3„

335 3171 422 3232 tat?
447 3147 526 3232 Sed
552 3155 594 3231 ἃ
610 3143 720 3230 aliud
731 3142 939 3258 profestb,
955 3173 1032 3228 nec
1051 3143 1151 3230 illud
1171 3147 1338 3258 quidem
1351 3145 1463 3244 leve,
1479 3149 1712 3246 incommo-¹

335 3263 438 3347 dum
455 3257 598 3344 subeas
622 3251 779 3344 necelse
796 3259 882 3358 esti
898 3261 999 3343 dum
1018 3265 1128 3343 enim
1140 3261 1447 3370 ¹conversionem
1470 3260 1638 3346 adstruis
1655 3261 1718 3364 ab,

336 3403 429 3458 ortu
452 3378 497 3458 in
509 3370 722 3472 occasum,
745 3385 786 3460 δι
807 3373 973 3458 viciffim
990 3373 1041 3458 ab
1057 3370 1201 3456 occasu
1216 3377 1259 3456 in
1280 3403 1433 3472 ortum,
1449 3375 1533 3458 lieri
1547 3381 1721 3488 poterit,

337 3518 383 3573 ut
395 3485 486 3603 post
498 3487 656 3598 aliquot
672 3515 799 3576 annos
813 3518 896 3572 non
909 3486 1031 3602 plane
1044 3484 1264 3601 spernenda
1282 3490 1489 3574 conve'rsro
1504 3489 1605 3572 faeta
1618 3491 1722 3596 fue„

335 3610 423 3702 rit,
450 3633 497 3687 ac
549 3605 940 3719 roindo'temporum
972 3607 1197 3686 numeratio
1226 3603 1325 3688 caelo
1348 3637 1434 3690 non
1460 3599 1722 3718 respondeam,
1750 3693 1752 3698 ,

336 3721 452 3807 Nam
466 3629 555 3802 stab
565 3745 657 3822 ortu
673 3723 717 3802 in
729 3715 988 3804 occasumex.
1001 3745 1059 3831 gt.
1074 3713 1304 3832 procell'erit
1319 3720 1448 3818 tellus,
1459 3726 1592 3804 minus
1609 3749 1723 3822 terna„

336 3839 445 3950 poris
468 3833 748 3926 numerabitur
774 3827 898 3948 quim
949 3864 992 3916 ro
1014 3841 1169 3918 ratione
1189 3833 1405 3920 caelestium
1426 3862 1639 3930 motuum5
1663 3864 1720 3941 ut,

339 3941 552 4062 contigisse
565 3945 694 4063 fertur
707 3951 802 4034 navi
822 3951 891 4034 cui
908 3947 1123 4040 avidorid
1135 3979 1286 4042 nomen
1300 3951 1475 4035 inditum
1489 3949 1562 4049 cst,
1581 3957 1623 4034 in
1631 3981 1716 4058 ert-7,

333 4067 541 4177 peditione
554 4061 826 4176 Magellanici
840 4097 853 4160 5
867 4092 965 4148 cum
975 4059 1126 4148 scilicet
1139 4063 1229 4180 post
1245 4065 1368 4148 totius
1383 4063 1491 4149 orbis
1509 4065 1715 4164 ambitum

335 4179 464 4264 redux
486 4181 531 4262 in
550 4175 830 4293 Hispalensem
843 4206 1032 4294 portum,
1051 4209 1103 4264 ox
1121 4211 1205 4296 quo
1221 4207 1316 4263 ante
1336 4208 1415 4264 tres
1431 4209 1559 4266 annos
1581 4179 1716 4296 solv07

228 4347 232 4352 =
336 4321 420 4392 rat,
435 4289 625 4392 intraret,
644 4321 745 4378 tunc
760 4291 934 4410 primltm
944 4291 1207 4379 observarunt
1217 4290 1289 4378 sed
1304 4295 1411 4380 redd
1422 4299 1611 4408 temporis
1630 4326 1718 4402 rru-¹

335 4411 560 4494 metatione
582 4401 769 4494 defecille
791 4407 859 4496 die
883 4441 998 4504 unos
1024 4415 1123 4526 quip
1152 4415 1263 4526 equi
1281 4441 1378 4497 cum
1394 4415 1508 4524 juxta
1520 4412 1710 4518 diurnam

334 4522 424 4608 cxli
440 4521 744 4610 conversionem
763 4525 815 4612 ab
836 4527 988 4610 ortuin
1000 4439 1188 4610 occaldm
1203 4531 1281 4610 iter
1295 4519 1579 4624 instituiss'ent,
1597 4525 1716 4638 justo,

335 4635 487 4768 utililas
507 4635 663 4756 sempor
673 4637 840 4733 lolfflis
856 4639 1248 4760 occiderrtmrigus
1259 4640 1609 4764 quidenfinguis
1617 4642 1717 4842 gie-2

240 4789 242 4794 ,
457 4791 460 4796 ,
598 4793 615 4866 Q
664 4810 692 4836 Η
1100 4837 1103 4843 Ι
1649 4787 1709 4856 us,

1647 5017 1663 5054 k
1775 5043 1777 5048 .
