3708 5274
249 41 259 70 Ι

336 90 491 207 Liber
493 89 762 249 stptianus.
791 91 1011 210 cirus
1039 99 1177 212 Vll.
1324 103 1430 242 ⁶⁸3

93 261 169 342 ‘am
192 267 239 346 ὁ(
259 251 397 372 sapiits
421 259 466 340 in
487 256 835 372 profundissimum
857 283 1031 370 puteum
1052 251 1268 374 inaequales
1291 255 1445 377 lapides

94 374 192 458 misr
208 373 352 470 simul,
372 375 581 458 &isinum
596 369 771 459 sonitum
782 371 905 454 alium
922 373 1002 455 alio
1016 372 1189 488 priorem
1204 371 1356 491 semper
1371 405 1447 486 au-

95 493 167 582 via
185 489 231 573 id
248 487 359 602 quod
379 485 468 572 satis
485 487 608 572 estad
619 487 729 572 illam
747 487 1007 584 velocitatum
1021 493 1296 576 omnimodam
1308 519 1444 610 arqua-
1553 509 1556 517 '

93 631 221 688 :atem
240 601 525 712 rejiciendam,
541 607 725 717 quamvis
738 631 829 688 uter
840 608 949 716 prior
967 633 1113 718 aquam
1126 590 1446 718 attigerit,certd

93 716 304 832 ¹gnoscere
317 747 403 802 non
414 718 696 813 valeretaurist
710 717 826 834 qudd
840 719 867 800 sr
880 717 980 803 alter
995 719 1040 805 in
1058 717 1282 834 subjcslarp
1294 713 1450 837 peluirn

93 831 383 934 neam,alteri
430 863 498 918 vas
516 833 698 946 ligneum
715 827 949 931 decidisset,
966 831 1154 952 potuisset
1165 843 1272 920 auris
1294 839 1447 948 dijudi-

93 980 150 1034 rre
169 981 226 1036 ex
240 949 372 1036 sonitu
386 865 464 1049 ibt
482 981 535 1036 est
548 949 835 1036 altissrmtiturri
846 950 1087 1036 Bononiensi
1101 948 1258 1038 dimissa
1268 955 1449 1070 pondera

93 1064 282 1179 nequalia
301 1062 508 1166 observavi
531 1063 652 1148 initio
671 1068 781 1181 quali
802 1065 1009 1180 aqualiter
1030 1064 1276 1154 descendere
1291 1069 1376 1170 ita,
1402 1099 1449 1156 ut

93 1180 208 1264 :ulus
228 1180 383 1266 nullam
409 1178 669 1268 velocitattrrn
691 1182 1051 1266 dissimilitudinem
1075 1186 1213 1270 adhuc
1230 1183 1447 1297 dignosce-

93 1323 142 1390 :t5
160 1295 576 1410 deindeprocedente
591 1294 784 1382 descensu
798 1295 993 1412 paulatim
1012 1305 1187 1409 gravitas
1200 1331 1328 1403 major
1343 1331 1448 1418 prae-

93 1441 230 1498 urrere
245 1411 479 1497 notabiliter
491 1411 732 1528 incipiebat,
750 1409 988 1528 sempe'rque
999 1420 1128 1526 magis
1138 1415 1364 1526 augebatur
1376 1447 1448 1504 ve·

93 1531 243 1626 scitas,
266 1524 376 1616 aded
400 1555 446 1612 ut
470 1527 689 1643 aliquando
717 1528 896 1640 gravitas
922 1531 1052 1640 major
1084 1557 1231 1615 terram
1252 1532 1455 1644 attigerit„

92 1645 236 1728 uando
256 1649 393 1728 nainor
414 1643 552 1730 adhuc
582 1643 724 1747 aberat
744 1643 960 1729 intervallo
987 1646 1139 1760 pedum
1167 1649 1448 1761 quadraginta,

96 1759 415 1844 uemadmodum
430 1788 480 1844 ex
494 1759 590 1844 noti
603 1766 647 1842 in
661 1760 1100 1848 turrislatcredimetiri
1117 1760 1246 1845 licuit.
1292 1769 1450 1850 Verum

96 1878 238 1960 uidem
261 1875 319 1960 est
338 1873 559 1962 brevissima
584 1880 774 1989 temporis
788 1873 971 1960 mensura
993 1886 1036 1964 δι
1062 1876 1169 1961 hanc
1186 1878 1386 1962 minorem
1403 1883 1469 1962 in

93 2019 218 2076 :rram
236 1985 440 2075 decidisse.
483 1991 530 2076 ld
544 1992 655 2105 quod
669 1987 826 2076 sortasse
839 1991 1091 2078 sucumfecit
1102 2022 1185 2076 non
1198 1995 1450 2078 animadver-

93 2107 252 2192 entibus
280 2135 438 2219 magnae
461 2106 669 2192 velocitati
692 2108 868 2192 multum
894 2104 1133 2219 respondere
1163 2103 1311 2222 spatij,
1368 2109 1452 2196 uod

93 2223 180 2338 puali
198 2251 410 2308 momento
425 2228 672 2340 percurritur
690 2257 702 2317 3
726 2253 772 2311 ac
786 2250 995 2338 propterea
1011 2222 1280 2338 aequalitatem
1296 2139 1454 2323 veloci·

93 2367 201 2422 suun
215 2345 377 2452 utrique
388 2338 576 2450 gravitati
590 2336 846 2426 tribuendam
863 2335 1129 2438 censuerunt,
1144 2339 1452 2455 quiaexiguum

93 2483 157 2538 rat
173 2481 400 2568 temporum
416 2453 642 2540 discrimen.
687 2460 756 2540 An
778 2451 927 2553 vellus,
952 2483 1154 2570 quantum
1174 2483 1316 2570 pugno
1333 2487 1448 2542 com-

93 2569 363 2670 ›rehenditur,
383 2571 500 2686 aeque
516 2573 710 2657 velociter
719 2601 766 2656 ac
777 2571 1010 2686 praegrande
1020 2575 1156 2656 saxum
1165 2570 1451 2660 descensurum
1494 2614 1497 2622 ¹

94 2685 305 2770 :xistimasa
324 2689 479 2797 Figurae
495 2688 607 2773 dices
624 2687 886 2772 tribuendum
908 2683 1153 2799 plurimum,
1176 2717 1259 2770 non
1273 2686 1384 2772 enim
1396 2687 1449 2774 ab

94 2798 266 2884 >mnibus
289 2802 527 2917 corporibus
547 2801 664 2920 atque
684 2801 804 2886 facile
828 2800 1027 2888 dividitur
1042 2815 1112 2885 adr
1134 2819 1345 2918 nunquam
1364 2834 1449 2888 non

94 2915 288 3000 luc‘luans.
334 2924 396 3002 lta
415 2911 506 3002 sane
519 2933 535 3001 s·
554 2924 679 3030 igitur
696 2919 808 3003 stadt
827 2917 1073 3032 inaequaliter
1092 2917 1256 3016 rtsrstit,
1273 2918 1450 3034 inaqua-

97 3037 170 3118 iter
185 3037 336 3116 moveri
355 3029 517 3148 possunt
534 3061 700 3148 corpora
729 3032 926 3118 cadentia.
973 3034 1093 3118 Adde
1116 3063 1200 3116 non
1215 3033 1451 3150 dlffimiliter

94 3152 216 3258 gravia
239 3149 403 3234 &levia
423 3151 475 3234 ad
499 3148 586 3233 suos
604 3177 738 3233 motus
759 3143 937 3234 d'naturd
947 3147 1105 3232 incitari
1121 3182 1131 3241 3
1148 3178 1270 3262 atque
1289 3149 1393 3236 aded
1407 3153 1449 3250 fi,

95 3263 151 3348 ‚tbi
169 3263 255 3378 plus
275 3264 334 3348 est
350 3264 549 3365 levitatis,
568 3267 813 3350 velociorem
831 3293 992 3350 motum
1015 3261 1164 3348 sursum
1182 3263 1449 3366 observamus,

95 3383 225 3470 uiam,
250 3379 318 3462 ubi
343 3380 433 3494 pius
451 3381 511 3466 est
532 3380 739 3494 gravitatis
759 3385 1064 3464 concitatiorem
1085 3407 1241 3464 motum
1265 3381 1452 3468 deorsum

95 3521 248 3606 arguere
265 3495 474 3578 debemus.
517 3505 680 3610 Aquam
705 3489 752 3578 in'
768 3495 954 3608 longiore
970 3493 1099 3577 fistula
1117 3495 1245 3580 vitrei
1264 3497 1453 3612 aliquan·-

95 3612 292 3720 liuagira,
309 3623 431 3693 uta‘e'r
448 3607 587 3694 fistulae
605 3607 1204 3725 inclususaquaeadmisceatur:
1221 3611 1291 3696 ubi
1305 3615 1455 3724 abagi2
1536 3611 1539 3619 ’

95 3725 231 3810 :atione
244 3721 569 3812 cell'acumsuerir
582 3789 593 3825 ,
607 3731 780 3841 majores
796 3732 898 3811 a'e'ris
910 3725 1122 3841 particulas
1132 3722 1218 3810 citi)
1234 3725 1453 3813 ascenden-

95 3871 145 3925 res
159 3842 331 3938 videbis,
344 3843 443 3928 dum
454 3843 933 3929 minorescundiabundae
946 3840 1139 3957 paulatim
1156 3851 1373 3944 moventur
1387 3881 1395 3925 :
1409 3844 1451 3928 id

96 3955 195 4072 quod
208 3956 349 4042 clariias
373 3957 595 4059 constabit,
614 3962 771 4075 fiaquae
788 3960 880 4042 loco
899 3959 1196 4072 hydrargyrum
1218 3963 1260 4042 in
1278 3959 1452 4045 fistulam

96 4067 291 4156 admiseris.
337 4077 496 4188 Quini
512 4075 640 4190 igitur
658 4081 795 4190 gravia
810 4079 956 4188 pariter
970 4075 1155 4160 deorsum
1175 4072 1319 4190 dispari
1335 4073 1450 4162 velo-

96 4193 202 4272 citate
216 4217 474 4288 moveantur,
492 4193 517 4275 fi
533 4191 746 4307 inaequalia
758 4191 934 4276 suerint?

144 4307 236 4390 Non
264 4331 401 4388 tamen
437 4304 670 4394 servandam
704 4303 783 4393 elle
813 4313 1059 4420 gravitatum
1086 4302 1314 4418 analogiam
1349 4305 1451 4392 lline
1496 4406 1499 4414 ,

96 4419 218 4534 aperti
232 4419 410 4519 constat,
426 4426 537 4538 quod
556 4429 599 4510 in
617 4423 852 4540 corporibus
868 4415 1206 4538 ejufflemspecici
1221 4423 1343 4505 Ratio
1357 4449 1451 4533 gra·
1566 4453 1569 4460 ·

96 4542 249 4623 vitatum
275 4539 418 4626 eadem
439 4539 499 4636 cst
521 4571 569 4630 ac
591 4541 922 4659 magnitudinum
946 4575 957 4624 s
990 4540 1293 4657 magnitudines
1314 4565 1453 4644 autern

984 4659 1135 4748 RRrr
1196 4691 1217 4748 a
