3918 5262
392 209 458 340 36'
864 185 1287 305 Mecbantctrum

378 365 466 445 vim
479 352 628 440 inferre
639 351 809 444 valcant.
835 337 1019 474 Qaresr
1037 354 1111 438 fiat
1121 355 1304 467 corporis
1316 345 1486 464 suspensi
1499 411 1510 447 ‚
1523 377 1594 434 aut
1609 347 1759 436 susten·
1886 447 1890 464 ³

379 477 453 557 tati
474 469 760 571 consistentia,
782 498 1071 585 argumentum
1095 469 1155 554 est
1194 466 1429 582 aequalitatis
1454 495 1787 558 momentorum,

375 587 578 704 pundium
594 583 877 701 suspensronis,
889 619 960 673 aut
981 585 1276 680 sustentationis
1288 583 1415 680 hinc,
1438 593 1478 666 ὅ(
1495 581 1593 666 hinc
1610 581 1759 698 usque·
1787 687 1791 696 Ι

379 731 544 822 quaque
556 703 891 788 circunstantium
900 739 910 798 3
926 705 1046 820 srqua
1058 705 1171 789 eninr
1185 693 1281 782 esset
1295 697 1557 813 inequalitas,
1567 697 1758 782 alterutra

377 845 468 932 pars
481 817 829 931 praeponderaret,
849 829 891 907 &
903 821 954 907 ad
969 847 1127 907 motum
1142 820 1390 898 incitaretur.

1123 936 1185 1016 Sit
1204 958 1352 1044 corpus
1369 955 1496 1042 grave
1513 935 1614 1027 AB,
1643 935 1764 1044 cujus

1065 1074 1251 1132 centrum
1263 1050 1469 1157 gravitatis
1487 1049 1557 1145 H,
1574 1046 1681 1130 linea
1695 1049 1758 1130 di-

960 1239 970 1268 ,
1065 1166 1252 1245 rectionis
1276 1163 1321 1242 H
1339 1165 1377 1242 T
1402 1164 1446 1244 in
1463 1193 1648 1246 centrum
1664 1168 1763 1246 uni-

953 1313 992 1376 ·,
1068 1279 1165 1362 verfi
1194 1277 1398 1390 producta.
1436 1281 1476 1360 Si
1500 1275 1766 1392 suspendatur¹

1063 1420 1113 1475 ex
1134 1393 1284 1505 poncio
1302 1391 1353 1487 C,
1365 1393 1476 1504 quod
1493 1393 1550 1476 est
1564 1394 1761 1479 ineadcm

1063 1503 1761 1605 laneidireciiouismecessaridcou-

1066 1621 1164 1706 srstit
1188 1651 1332 1734 corpus
1356 1623 1563 1708 horizonti
1588 1625 1757 1737 paralle-

659 1721 702 1816 Τ
1065 1735 1764 1851 lum,quiarecildcsccndcrenon

1065 1852 1197 1968 potest
1209 1881 1281 1967 per
1294 1853 1339 1934 H
1354 1855 1413 1951 T,
1434 1885 1529 1938 cum
1540 1860 1584 1940 in
1603 1857 1640 1940 C
1665 1863 1762 1940 retiP

295 1981 297 1986 ’
380 2001 553 2069 neaturt
574 2001 709 2090 neque
724 1969 913 2056 alterutra
926 1999 1015 2086 pars
1030 1967 1161 2084 potest
1177 1967 1445 2068 descendere,
1465 1977 1561 2084 quia
1572 2001 1764 2055 momen-

380 2121 422 2176 ta
441 2093 563 2207 partis
587 2092 704 2187 HB,
727 2087 874 2203 quibus
887 2077 1084 2170 'deorsum
1102 2088 1268 2180 nititur,
1286 2081 1454 2198 aequalia
1469 2089 1559 2169 sunt
1574 2117 1760 2170 momen·-

364 2213 458 2304 -tis,
476 2204 623 2322 quibus
638 2232 727 2318 pars
742 2205 836 2286 HA
857 2200 1024 2296 resrstit,
1050 2230 1103 2283 no
1125 2197 1331 2294 elevetut3
1363 2210 1405 2285 &
1421 2202 1588 2286 vicissrm
1605 2203 1760 2286 viribus

381 2325 589 2434 gravitatis
617 2321 715 2404 AH
739 2321 956 2432 caeteroqui
979 2311 1228 2401 descensurae
1248 2311 1463 2400 reluctatur
1477 2322 1651 2430 gravitas
1667 2320 1761 2402 ΗΒ

381 2440 467 2549 pari
485 2432 573 2520 nisu
588 2461 687 2546 rcpu
746 2461 816 2515 ant
829 2491 841 2532 ,
855 2463 907 2516 nc
920 2430 1154 2524 attollatur}
1171 2459 1301 2515 totum
1312 2431 1410 2544 ergo
1427 2433 1615 2516 consistit.
1654 2433 1759 2518 Atst

372 2581 432 2644 cx
451 2552 500 2632 M
518 2554 671 2663 punsto
705 2545 980 2662 uspendatur,
1010 2577 1093 2629 non
1189 2546 1248 2630 est
1262 2551 1428 2662 quidem
1445 2575 1516 2662 per
1541 2550 1589 2630 M
1604 2553 1642 2632 T
1661 2577 1757 2664 per-

379 2664 686 2782 pendicularem
709 2660 952 2748 descendere
979 2661 1115 2746 versus
1142 2689 1253 2744 tetrae
1275 2693 1461 2748 centrum
1486 2727 1497 2763 ,
1529 2659 1595 2749 scd
1620 2693 1757 2780 neque

381 2780 570 2866 consistet
591 2781 800 2864 horizonti
819 2774 1053 2890 parallelum
1063 2812 1074 2871 5
1090 2781 1186 2890 quia
1201 2777 1228 2860 st
1253 2777 1419 2892 planum
1436 2779 1687 2891 intelligatur
1702 2811 1756 2866 ert

382 2923 498 2979 terrac
511 2923 652 3003 centro
663 2923 737 3009 per
749 2896 898 2976 seuam
917 2893 966 2973 M
978 2896 1018 2976 T
1037 2893 1206 2978 ductum
1219 2953 1230 2991 ,
1245 2923 1330 2976 non
1342 2895 1538 2979 dividitur
1556 2923 1699 3011 corpus
1711 2901 1757 2979 in

383 3035 591 3098 momenta
609 3007 798 3124 aqualia,
820 3037 917 3092 cum
933 3037 1018 3090 non
1033 3003 1203 3092 transeat
1218 3037 1289 3122 per
1303 3011 1348 3092 H
1369 3039 1553 3094 centrum
1576 3016 1755 3123 gravita-

381 3129 431 3208 tis
453 3159 468 3219 ‚·
493 3129 725 3237 igitutcum
739 3129 891 3238 majora
910 3122 987 3206 stnt
1006 3151 1214 3207 momenta
1235 3130 1355 3238 partis
1383 3126 1429 3205 M
1446 3133 1476 3210 B
1495 3187 1505 3224 ,
1525 3127 1653 3240 quim
1666 3156 1757 3241 par-

381 3245 432 3323 tis
477 3240 526 3322 M
549 3244 628 3338 A,
670 3237 736 3323 ill-a
776 3238 1144 3352 praeponderabit,
1189 3265 1314 3353 atque
1359 3237 1606 3326 descendeus
1647 3249 1756 3326 circa

381 3358 580 3470 punctum
615 3355 664 3435 M
691 3381 930 3468 permanens
960 3381 1255 3448 convertetur,
1285 3355 1418 3440 donec
1447 3385 1631 3440 centrum
1658 3385 1752 3468 gra-

381 3475 517 3554 vitatis
555 3471 601 3552 H
640 3468 687 3552 stt
714 3471 760 3550 in
788 3466 1109 3583 perpendiculari
1146 3467 1282 3568 MT,
1323 3475 1390 3554 cui
1421 3499 1619 3583 congruat
1648 3477 1760 3556 recia

380 3585 434 3668 'M
451 3589 492 3670 O
515 3622 523 3666 :
546 3607 645 3666 tunc
661 3609 797 3667 autem
814 3583 981 3666 demum
1002 3581 1190 3666 consrstet
1211 3643 1222 3681 ,
1249 3588 1345 3699 quia
1373 3583 1540 3701 planum
1560 3587 1754 3670 transiens

380 3731 454 3815 per
482 3700 590 3782 MH
606 3703 648 3783 O
679 3696 886 3813 aqualiter
904 3692 1086 3811 dispertit
1106 3727 1312 3784 momenta
1334 3705 1538 3814 gravitatis
1564 3733 1582 3796 t
1613 3701 1762 3786 neutri

380 3846 519 3900 autern
536 3843 649 3930 parte
668 3815 1029 3927 praeponderante,
1061 3841 1230 3928 utraque
1254 3813 1434 3931 quiescit.
1477 3817 1596 3902 Idem·
1614 3819 1757 3901 dicen·

380 3934 510 4029 dum,
534 3930 564 4014 st
588 3957 735 4042 corpus
756 3957 808 4011 ex
839 3933 857 4012 1
889 3926 1044 4040 pundto
1061 3924 1395 4041 suspenderetur5
1422 3959 1535 4013 tunc>
1550 3934 1663 4016 enim
1688 3930 1752 4016 so·-

380 4044 469 4132 liam
496 4045 628 4130 *fieret
661 4039 917 4128 cousrstentia
951 4105 963 4142 ‚
1008 4042 1079 4127 ubi
1120 4049 1164 4126 in
1204 4046 1349 4129 eadem
1379 4045 1611 4130 direcllonis
1645 4045 1761 4133 linei

380 4155 479 4244 esset
501 4161 742 4274 puntiuml
772 4185 897 4272 atque
921 4161 967 4241 H
994 4185 1181 4242 centrum
1202 4165 1420 4270 gravitatis.
1466 4163 1642 4279 Qodfi
1675 4166 1756 4248 du·-

367 4369 369 4372 ,
380 4272 691 4392 plici.funiculo
717 4269 985 4388 suspendatur
997 4273 1159 4391 pondus
1182 4333 1192 4368 ,
1224 4283 1266 4360 ὅ(
1289 4275 1348 4360 illi
1370 4267 1549 4392 paralleli
1566 4307 1650 4362 non
1664 4279 1760 4378 fiat,

380 4392 478 4507 quia
508 4417 646 4504 neque
673 4387 879 4474 horizonti
900 4385 1287 4504 perpendiculares,
1309 4391 1369 4476 illi
1399 4391 1429 4474 si
1454 4397 1759 4508 producantur,

381 4532 628 4592 concinnent
654 4507 699 4587 in
716 4506 914 4617 punstum
938 4503 1106 4618 aliquod
1125 4501 1240 4588 lineae
1261 4507 1515 4607 direciionis,
1532 4509 1615 4594 srvi
1636 4507 1759 4623 supra

378 4621 563 4740 pondus,
583 4615 666 4710 srvi
679 4617 785 4708 infra
796 4679 808 4722 ,
820 4647 898 4739 pro
913 4619 1344 4736 ranoneanguorum,
1366 4653 1468 4742 quos
1487 4624 1758 4720 constituunt,
