3918 5262
491 192 863 350 Liberpeimus.
916 188 1128 310 C'APu'T
1150 195 1282 302 XII.
1510 247 1576 346 7¹
1693 143 1699 162 ³

204 359 429 456 eonl'rstuot
446 343 1002 480 propreraequilib'riumrstd
1021 351 1117 462 quia
1132 347 1244 448 oolla
1262 371 1354 465 pars·
1369 355 1497 446 habet
1513 369 1581 450 in,

205 475 319 566 drale
342 474 532 592 aliquid,
559 473 632 558 sub
651 503 735 586 quo
761 494 873 588 petat
895 459 1093 562 existere,
1112 493 1236 582 atque
1257 465 1365 562 aded
1380 475 1491 564 nulla
1506 479 1579 580 est,
1668 477 1704 492 ‘⁸
1833 571 1838 584 ,

232 625 290 678 uae
305 581 496 679 deorsum
506 593 671 674 nitatur.
696 593 836 704 Qare
847 575 1017 668 poetice
1036 577 1187 682 soldm,
1210 613 1297 672 non
1317 585 1418 678 verd
1435 593 1577 680 Philo·
1677 628 1683 658 .·

203 625 371 826 lophice
388 711 545 796 distum
559 695 631 790 est.

477 889 590 965 Terra
604 879 685 990 pile
692 873 847 982 fimilt‘a,
865 882 958 963 nudo
970 873 1167 988 fitlcimine
1182 853 1277 956 nl'xa
1287 928 1301 973 ‚

480 1001 577 1082 Atre
585 991 748 1104 Μαῖα
767 1017 848 1077 tam
863 1021 988 1110 grave
997 989 1145 1104 pendet,
1159 1015 1253 1076 onus.

207 1175 288 1258 Adr
312 1167 530 1284 srquidem
550 1197 634 1256 non
658 1167 720 1257 est
744 1167 944 1284 sublestae
963 1195 1075 1252 terrae
1092 1157 1191 1260 ,sed
1215 1161 1479 1252 circumfirsus
1496 1205 1513 1266 t
1529 1203 1578 1260 ea

202 1313 380 1400 namque
396 1280 571 1398 subjed’ta
598 1281 689 1370 sunt
704 1343 715 1382 ‚
731 1315 821 1400 quae
846 1286 1037 1370 inferiora
1057 1315 1073 1375 t
1092 1276 1282 1366 inferiora
1302 1310 1440 1372 autern
1455 1345 1468 1382 ,
1485 1317 1575 1402 qutt

95 1491 102 1504 ,
203 1429 344 1488 centro
362 1409 559 1514 propiora.
607 1405 744 1486 Terrae
771 1405 911 1514 itaque
934 1397 1079 1513 globus
1100 1392 1206 1504 nihil
1222 1394 1376 1498 habet,
1403 1401 1447 1482 in
1463 1405 1576 1516 quod
1689 1443 1692 1454 ¹

203 1520 409 1630 gravitatis
424 1520 526 1602 vires
541 1543 729 1602 exerceat
740 1514 928 1602 deorsum
941 1511 1142 1600 conando.
1379 1589 1383 1596 .

259 1638 367 1747 Qra:
380 1661 475 1714 curn
492 1637 548 1716 ita
567 1631 668 1730 srnt,
684 1629 796 1716 nulla
808 1661 991 1746 unquam
1008 1628 1222 1733 continget
1232 1627 1274 1708 in
1287 1621 1392 1712 tetrd
1402 1637 1578 1720 mutatio
1702 1703 1705 1710 .

200 1745 795 1975 {lquessmiumgfffissfss'
815 1775 906 1880 quat
933 1747 1084 1832 efficiat
1108 1763 1266 1824 motum
1283 1743 1576 1856 trepidationis.

229 1889 510 1948 rtemmterrae
569 1893 595 1944 o
654 1889 676 1945 s*
780 1892 866 1959 ,cu
883 1893 1038 1948 uacen-
1183 1933 1187 1942 .

200 2009 310 2063 trum
326 1980 366 2062 C
388 1977 435 2060 fit
449 1983 598 2090 pariter
611 2005 798 2060 centrum
812 1893 1041 2086 grdvitatist

196 2097 323 2182 datto
336 2094 462 2207 petC
483 2092 633 2207 planoI
647 2094 692 2187 L,
711 2088 1043 2206 hemispherium
1103 2165 1107 2173 .

197 2211 316 2296 IAL
341 2206 402 2290 est
418 2207 570 2322 aequale
595 2204 735 2291 hemis
754 2207 880 2290 haerio
908 2211 1040 2303 IBL3

196 2357 249 2412 ex
291 2353 376 2439 quo
416 2317 593 2408 absciffa.
615 2326 679 2406 int
738 2329 868 2432 'gatur
906 2329 1040 2438 portio
1100 2355 1138 2452 L

196 2441 392 2558 sphaerica
409 2440 452 2522 D
466 2441 497 2521 E
512 2444 570 2535 B,
590 2440 634 2521 in
654 2441 772 2552 cujus
789 2434 928 2522 locum
949 2435 1041 2525 suc·
1103 2467 1109 2476 ·

194 2559 316 2642 cedat
333 2567 414 2638 ae'r.
458 2557 499 2639 Si
519 2581 600 2668 qua
624 2557 750 2663 igitur
764 2581 855 2668 pars
871 2552 1041 2640 deberet
1109 2563 1112 2567 ’

193 2667 384 2760 deorsum
400 2667 537 2755 vereda
568 2671 606 2756 C
634 2672 733 2767 niti,
757 2698 843 2752 non
864 2668 941 2754 alia
955 2676 1038 2756 uti·
1160 2719 1202 2822 G

195 2819 278 2906 que
298 2779 398 2870 effer
412 2813 556 2900 praeoer
573 2787 617 2866 D
635 2794 676 2869 δι
698 2787 756 2882 E,
772 2783 1042 2898 quaelongidt

195 2906 379 2996 dcentro
401 2897 571 2997 absunt,
589 2896 714 3014 qudm
737 2903 958 3012 contiguus
971 2915 1051 2986 a'e'r
1184 2969 1187 2976 .

194 3023 299 3108 DE.
327 3020 387 3102 At
397 3015 707 3132 portiolDEL
720 3013 935 3128 praevalere
946 3046 1032 3102 nort
1208 3081 1212 3090 .
1492 3043 1499 3096 ·.

194 3131 327 3256 potest
341 3127 621 3246 hemisphaerio
636 3132 774 3228 lAL,
792 3132 905 3243 quod
916 3131 1084 3220 deberet
1097 3117 1247 3226 surlmrr
1260 3141 1452 3258 propellis
1468 3173 1571 3261 ergo

195 3283 280 3338 non
298 3247 431 3362 potest
455 3273 642 3330 centrum
660 3247 698 3330 C
714 3247 868 3329 moveri
890 3245 1027 3334 verde
1042 3253 1107 3352 A,
1130 3283 1176 3338 ut
1190 3263 1388 3372 putidum
1402 3259 1568 3378 aliquod

194 3377 301 3454 inter
319 3367 357 3448 C
375 3373 417 3450 &
434 3364 471 3444 K
486 3387 684 3473 congruat
701 3385 845 3444 centro
859 3365 1045 3452 univero.
1077 3371 1157 3454 Sed
1174 3402 1310 3489 neque
1322 3373 1569 3492 hemisphae·

195 3489 302 3568 rium
314 3487 333 3565 Ι
346 3481 385 3564 Α
397 3479 431 3560 L
443 3477 567 3562 debet
579 3473 850 3574 descendere,
872 3481 969 3591 quia
990 3479 1150 3568 nullum
1168 3487 1293 3574 habet
1312 3521 1456 3606 corpus
1474 3495 1569 3580 leve
1645 3591 1648 3598 ¹

192 3598 264 3684 srbi
283 3597 550 3704 contiguum,
566 3591 678 3706 quod
704 3591 880 3688 uniterfi
906 3621 1048 3678 centro
1073 3603 1247 3687 vicinius
1263 3605 1337 3700 litt
1360 3635 1445 3691 non
1465 3638 1569 3724 ergo

191 3713 317 3800 debet
336 3705 558 3826 propellere
572 3701 1064 3822 oppositumlsegmentum
1084 3717 1270 3814 IDELr
1291 3723 1408 3831 cujus
1421 3753 1565 3808 omnes

188 3857 323 3944 partes
337 3855 422 3908 non
435 3819 563 3908 solltm
575 3823 820 3908 relustantur
833 3827 964 3908 motui
978 3885 992 3924 ,
1007 3855 1091 3942 quo
1106 3835 1300 3926 recedant
1319 3835 1370 3921 ab
1389 3840 1564 3926 univerli

190 3973 335 4035 centro
359 3943 423 4037 C,
440 3936 511 4024 sed
523 3941 646 4023 etiam
661 3936 820 4022 illarum
831 3937 1028 4054 aliquale
1048 3941 1140 4057 ipsae
1158 3975 1331 4064 urgent,
1351 3962 1393 4040 δι
1407 3983 1563 4041 conan.

189 4087 257 4146 tur
272 4055 412 4144 vertlts
429 4057 479 4140 C.
505 4055 707 4140 Nondum
717 4057 843 4164 igitur
853 4081 958 4142 terra
968 4085 1166 4144 movetur.

210 4244 215 4254 .
245 4179 389 4290 Qtare
406 4173 673 4282 &grnemum
693 4169 943 4283 Sphaericum
958 4175 1002 4256 D
1017 4177 1134 4260 KEB
1151 4178 1410 4266 transferatur
1422 4187 1467 4267 in
1486 4215 1562 4302 op·

190 4291 362 4408 pofitarn
380 4313 537 4402 partem
550 4347 564 4385 ‚
577 4285 804 4372 &addatur
816 4283 1099 4402 hemisphaerlo
1109 4289 1300 4408 superiori
1313 4301 1435 4382 etiam
1445 4329 1565 4388 mons

189 4409 275 4494 FH
292 4405 334 4489 G
352 4401 517 4517 aequalis
529 4395 704 4488 abseill'ae
714 4403 891 4514 poitieni
908 4401 1119 4518 sphaericae.
1145 4412 1226 4491 Aio
1238 4435 1291 4492 rte
1304 4411 1405 4498 dum
1417 4413 1565 4504 saetam

189 4515 269 4608 elle
277 4521 567 4616 mutationem,
583 4547 675 4632 quae
689 4519 740 4602 ad
753 4545 913 4602 motum
920 4519 1053 4604 telluri
1069 4521 1371 4611 conciliandum
1382 4519 1564 4616 sufficiat.

193 4639 394 4756 Qamvis
412 4637 525 4724 enim
540 4661 662 4727 mont
683 4631 752 4722 ille
775 4635 864 4740 ffl
875 4635 942 4738 G,
969 4639 1122 4754 quippe
1133 4663 1263 4752 quem
1277 4641 1405 4732 ambit
1417 4659 1487 4734 a'e'r
1500 4647 1565 4730 le-

1474 4763 1566 4848 tior
