3918 5262
347 256 417 322 ιο
810 200 1231 318 Mecbanicorum
1304 257 1308 268 ·

339 381 381 462 in
394 370 522 464 vallet
546 369 656 486 Qia
669 370 859 452 nimirum
870 371 1094 451 mercurius
1112 373 1217 451 intra
1234 365 1407 452 fistulam
1417 370 1608 455 detentus
1628 397 1717 454 tan-

337 489 463 606 quam
477 483 724 583 invale,'est
744 489 787 566 in
805 497 897 567 a'e're
914 481 1088 565 fistulam
1104 481 1309 568 ambiente
1323 511 1516 600 tanquam
1540 489 1581 568 in
1603 483 1719 580 loc05

338 611 383 690 in
396 616 490 688 ae're
509 628 646 684 autem
660 599 801 684 leviori
818 597 913 684 ciam
936 602 1062 708 magis
1079 602 1275 709 graviter,
1291 602 1335 680 in
1351 605 1498 682 minori
1519 604 1640 684 etiarn
1656 599 1715 683 al·-

337 721 514 805 titudine
535 713 860 832 perpendiculari
881 711 1070 796 consrstit.
1095 715 1430 827 Experimcnrum
1442 716 1523 800 hoc
1539 719 1584 800 in
1602 712 1722 812 valle,

320 833 385 922 ‘&
406 840 452 918 in
473 859 610 926 monte
628 827 782 914 sumere
801 829 904 913 mihi
926 831 1056 910 otium
1082 857 1166 910 non
1190 828 1289 925 fuit,
1310 823 1493 943 quamvis
1509 835 1553 912 in
1572 859 1622 911 eo
1646 829 1721 911 l'ae-

336 949 428 1066 pilu
440 979 505 1032 me
519 950 794 1031 exercuerim:
814 943 881 1028 sed
891 944 943 1026 de
961 938 1064 1025 illius
1080 947 1248 1027 veritate
1264 943 1470 1058 ambigere
1487 975 1570 1028 non
1583 945 1722 1026 sinunt

338 1064 459 1150 testes
478 1069 522 1146 in
541 1061 676 1146 Gallia
696 1058 995 1144 luculentissimi
1011 1120 1023 1156 ,
1048 1061 1119 1170 qui
1133 1057 1348 1146 discrimen
1369 1062 1447 1143 hoc
1470 1064 1513 1144 in
1528 1063 1720 1172 mercutij

337 1181 559 1266 altitudine
576 1173 840 1260 observdrunt
856 1179 901 1256 in
919 1171 1126 1256 altioribus
1143 1175 1366 1260 montibua
1798 1179 1804 1186 ’

399 1293 582 1390 Veritm,
603 1321 654 1376 ex
678 1290 757 1375 alio
780 1284 968 1404 praeteteal
988 1292 1119 1400 capite
1143 1293 1331 1372 imminui
1359 1283 1483 1375 debet
1508 1291 1726 1404 gravitatio·

339 1439 557 1526 corporum
569 1413 614 1490 in
629 1410 776 1492 minori
800 1403 976 1488 icentro
1001 1406 1247 1500 remotione,
1267 1403 1407 1490 habita
1418 1403 1545 1492 solltm
1566 1409 1724 1486 ratione

325 1528 448 1612 sitias.
494 1522 607 1610 Clam
622 1527 734 1605 enim
751 1525 875 1602 totius
887 1520 1064 1631 corporis
1078 1523 1293 1627 gravitatio
1309 1520 1485 1605 conflata
1499 1521 1546 1605 fit
1569 1549 1619 1604 ex
1637 1519 1721 1602 stn-

341 1643 529 1756 gulartun
539 1642 716 1752 partium
732 1639 785 1718 im
815 1663 907 1732 eru,
923 1650 1006 1747 quo
1027 1629 1214 1718 deorsum
1237 1639 1446 1734 nituntur,
1464 1633 1724 1720 manifestum

339 1757 400 1844 est
415 1755 581 1867 singulis
593 1748 773 1866 partibus
787 1664 1021 1862 linguidibs
1034 1744 1218 1831 deorsum
1234 1753 1488 1846 conantibus,
1500 1755 1622 1834 totius
1634 1779 1719 1832 cor.

339 1875 448 1988 poris
463 1870 778 1981 gravitarionem
797 1859 875 1949 else
885 1867 1035 1978 pariter
1049 1859 1362 1974 languidiorem.
1393 1871 1601 1978 Quoniam
1620 1862 1721 1970 verb

330 1984 544 2100 'quicquid
559 1987 605 2065 in
630 2008 745 2066 motu
762 1985 924 2092 cogitur
941 1973 965 2060 d
992 1979 1102 2060 reno
1118 1977 1341 2066 secunditm
1367 2009 1548 2064 naturam
1564 1984 1728 2062 tramite

329 2099 583 2194 defleant,
607 2094 756 2181 lentibs
774 2090 1100 2210 atquerernrlsrlts
1123 2099 1257 2208 pergit
1279 2097 1330 2180 ad
1352 2095 1621 2208 praestitutum
1637 2124 1725 2178 rno-

340 2211 667 2305 disterminum
690 2208 896 2326 particulae
917 2236 1055 2292 autem
1069 2215 1246 2322 corporis
1259 2207 1370 2294 solidi
1385 2215 1537 2322 gravis,
1558 2213 1725 2325 propio-

340 2360 401 2415 res
414 2359 556 2416 centro
573 2326 852 2438 fadae,magis
879 2323 902 2408 ὲ
927 2319 997 2407 suo
1016 2321 1338 2438 perpendiculo,
1356 2325 1428 2409 fibi
1447 2329 1625 2410 invicem
1652 2323 1725 2410 ad-

340 2441 565 2540 versantet,
587 2441 822 2537 declinatum
842 2439 931 2556 satis
945 2437 1101 2523 constat
1119 2437 1291 2551 singulas
1307 2440 1438 2524 liadis
1455 2443 1727 2555 quodammo-

240 2643 243 2650 .
330 2561 395 2648 'do
410 2559 562 2646 viribus
581 2555 823 2669 languentes
847 2557 1067 2675 plurimum
1085 2553 1137 2638 de
1150 2583 1300 2638 conatu
1320 2559 1535 2642 remittere.
1560 2561 1601 2640 Si
1614 2559 1729 2641 enirn·

690 2671 728 2738 0
943 2666 1114 2753 solidum
1133 2671 1212 2754 AB
1236 2671 1304 2753 liat
1315 2699 1456 2756 centro
1470 2677 1642 2756 vicinius
1656 2675 1730 2774 ita,
1820 2724 1826 2732 -

944 2812 990 2868 ut
1013 2783 1248 2883 AfitinK,
1277 2796 1319 2871 ὅ(
1345 2793 1375 2870 Β
1399 2789 1513 2887 inL,
1532 2787 1728 2872 lineaedi-

944 2903 1129 2982 rectionis
1151 2905 1324 3014 partium
1343 2931 1617 2988 extremarum
1634 2900 1735 3014 'sunt

944 3017 1059 3112 KC,
1080 3014 1162 3099 LC
1189 3051 1203 3096 t
1226 3045 1267 3099 at
1284 3045 1488 3129 coguntur
1512 3051 1584 3134 per
1602 3017 1729 3102 lineas

943 3135 1071 3228 KF,
1112 3132 1194 3214 LE
1229 3132 1432 3250 parallelas
1469 3131 1730 3229 descendere,

835 3271 837 3278 ’
944 3246 1131 3360 fiuntque
1156 3246 1295 3357 anguli
1327 3251 1452 3338 CKF
1465 3253 1624 3346 ,CLE
1652 3279 1734 3332 ex·

943 3365 1046 3442 terni
1059 3363 1227 3472 majores
1239 3365 1406 3446 internis
1425 3365 1509 3449 CA
1526 3369 1587 3464 K,
1606 3363 1737 3450 CBL

942 3475 1138 3588 pe'r16.l.
1158 3505 1191 3557 1.
1218 3481 1346 3588 magis
1369 3481 1496 3590 igitur
1512 3485 1555 3562 in
1582 3485 1618 3564 K
1640 3478 1737 3564 &L

878 3651 880 3655 -
944 3585 1173 3674 recedttntd
1191 3594 1505 3705 perpendiculo,
1523 3590 1646 3710 quim
1666 3623 1735 3678 re·

945 3704 1143 3789 cederent·
1171 3710 1274 3790 inA
1307 3719 1348 3793 δι
1377 3715 1423 3794 Β,
1464 3715 1574 3828 Qia
1594 3713 1736 3824 itaque

943 3849 1032 3934 pars
1046 3824 1088 3903 in
1110 3823 1144 3904 K
1169 3821 1343 3906 existens
1365 3829 1492 3937 tnagis
1514 3825 1734 3939 impeditur

945 3933 995 4020 ab
1011 3935 1191 4050 oppositi
1207 3941 1482 4039 extremitate,
1501 3931 1593 4056 quat
1616 3943 1663 4022 in
1686 3941 1739 4038 L,

946 4080 999 4134 ne
1025 4079 1098 4164 per
1122 4053 1213 4136 KC
1244 4050 1462 4140 descendat
1494 4053 1601 4153 (nili
1620 4057 1735 4139 enim

945 4191 1058 4280 pars,
1080 4193 1171 4279 quaa
1190 4169 1231 4248 in
1253 4169 1309 4265 L,
1330 4197 1494 4282 urgeret
1511 4169 1737 4288 oppositam·

345 4309 511 4370 tentans
525 4309 598 4395 pet
614 4279 696 4364 LC
711 4271 979 4382 descendere,
1001 4308 1314 4393 noncogeretur
1330 4313 1421 4399 pars
1440 4291 1484 4369 in
1501 4291 1537 4372 K
1553 4283 1733 4375 existens

346 4393 453 4485 adeb
488 4394 679 4480 recedere
700 4395 723 4478 a
750 4387 819 4476 sua
840 4391 1073 4478 direuionn
1099 4393 1234 4492 linei)
1254 4403 1406 4484 minori
1428 4407 1550 4487 etiam
1579 4404 1741 4514 impetu

346 4507 539 4606 deorsum
557 4509 701 4628 fertur.
746 4505 818 4600 Est
831 4535 972 4600 autem
995 4512 1142 4600 eadem
1161 4511 1213 4599 de
1235 4515 1400 4632 reliquis
1424 4517 1605 4634 partibus
1621 4517 1746 4620 ratio,

1328 4655 1330 4661 ⁴
1582 4654 1726 4748 prater

1071 4825 1085 4866 lt
