3918 5262
413 171 435 388 p
552 200 917 361 Liberprimus.
949 211 1162 322 CAPUT
1187 211 1286 321 IX.
1525 251 1595 358 49

221 365 458 450 direstioms
474 365 590 449 cadat
610 395 722 451 extra
738 366 862 452 basrm
880 364 983 452 ultra
996 374 1193 484 pundlum
1204 367 1318 467 illud,
1337 370 1448 481 quod
1462 378 1599 488 proxi-

222 507 332 562 mum
343 479 407 573 est
418 475 672 564 offendiculo
693 511 764 578 ,ac
784 487 952 598 proinde
967 492 1075 568 circa
1091 486 1191 568 illud
1204 515 1474 569 convertatur.
1493 489 1599 574 Haec

222 625 358 684 autem
371 596 616 710 potillrmlun
630 597 690 681 est
702 603 826 696 ratio,
847 629 920 682 cur
934 615 984 684 ex
997 601 1110 684 clivis
1124 599 1415 686 descendentes
1433 601 1599 718 lapides,

221 739 471 826 quamquam
487 743 565 795 nec
579 712 850 812 orbiculares²
872 747 948 800 nec
973 714 1192 801 admodum
1208 715 1278 800 alti
1298 777 1308 814 ‚
1336 741 1520 802 rotentur
1535 745 1597 802 ta-

218 855 338 920 ment
358 832 457 942 quia
477 825 766 912 scilicetmulta
778 825 1029 918 offendicula
1047 837 1089 914 in
1104 832 1210 918 clivo
1221 859 1465 931 occurrunt,
1493 834 1597 920 &ab

221 945 375 1056 impetu
406 971 480 1056 per
506 971 665 1027 motum
685 973 886 1060 concepto
903 975 1033 1063 partes
1062 947 1280 1062 superiores
1309 977 1599 1064 promoventur

219 1055 409 1154 ulterilts,
426 1057 685 1144 inferioribus
703 1065 920 1146 retardatis.
948 1067 1014 1148 Sic
1027 1060 1129 1179 saepe
1146 1061 1386 1178 cespitantes
1402 1066 1597 1166 cadimus,

221 1177 311 1286 quia
326 1173 379 1257 ab
392 1171 647 1258 offendiculo
671 1181 898 1260 retinentur
910 1181 1035 1293 pedes
1051 1241 1061 1276 ,
1079 1211 1174 1264 cum
1197 1184 1359 1264 interim
1371 1211 1516 1296 corpus
1530 1213 1594 1280 req

219 1286 374 1400 liquum
390 1319 443 1372 ex
461 1319 662 1404 concepto
678 1296 835 1406 impetu
853 1293 1018 1380 ulterilts
1032 1323 1337 1409 promoveatur,
1357 1301 1413 1384 ita
1431 1323 1476 1382 ut
1488 1297 1603 1392 linea„

215 1405 448 1490 direstionis
466 1407 583 1490 cadat
599 1435 712 1494 extra
726 1408 849 1493 basrm
866 1408 1173 1497 sustentationis.
1242 1465 1243 1470 Ν

429 1759 495 1822 .÷
632 1692 1260 1814 CAPuT1X.'

435 1888 542 1994 Cur.
556 1915 711 1994 turres
733 1885 976 1998 inclinata
1002 1921 1095 1993 non
1127 1910 1374 1994 corruant.
1422 1901 1440 2013 j
1481 1927 1484 1935 ¹

215 2091 600 2312 OBservandum
618 2097 703 2196 est,
726 2104 782 2182 ait
803 2093 1015 2188 Vitruvius
1031 2095 1142 2182 libs.
1161 2123 1247 2210 cap.
1268 2103 1310 2178 rr
1332 2156 1344 2192 ‚
1371 2099 1431 2179 uti
1450 2122 1590 2178 omnes

327 2210 534 2296 strudlurae
562 2215 854 2328 perpendiculo
873 2211 1167 2328 respondeant,
1196 2241 1330 2324 neque
1353 2210 1532 2295 habeant
1548 2217 1591 2294 in

211 2327 296 2408 ulla
320 2355 433 2440 parte
451 2327 775 2443 proclinationes.
822 2335 960 2416 Nemo
976 2329 1036 2426 est
1053 2333 1124 2443 qui
1151 2345 1235 2410 non
1259 2326 1458 2440 intelligat
1482 2355 1587 2440 prae-
1653 2407 1657 2414 .

213 2471 381 2556 ceptum
394 2444 476 2528 boc
488 2445 540 2529 ad
552 2445 815 2533 aedificiorum
829 2445 1127 2530 conlistentiarn
1139 2445 1441 2557 pertineresled
1454 2471 1591 2557 neque

209 2557 432 2642 defuerunt
447 2564 548 2676 „qui
562 2591 646 2644 rem
661 2559 866 2660 subtilitis,
884 2557 1008 2678 qudm
1024 2559 1178 2674 parsit,
1192 2559 1489 2672 perpendentes
1503 2561 1590 2642 ina·
1665 2647 1667 2651 .

212 2682 256 2755 ni
273 2677 419 2758 timore
432 2674 472 2760 se
490 2675 757 2794 torquebant,
774 2709 825 2762 ne
841 2676 948 2762 forti
964 2675 1183 2790 aliquando
1208 2673 1352 2758 domus
1369 2702 1588 2771 corrueret,

210 2793 327 2903 cujus
343 2795 516 2904 parietes
533 2796 639 2876 inter
653 2789 691 2876 se
712 2793 889 2906 paralleli
916 2792 1077 2876 fuerant
1102 2787 1310 2873 constituti
1328 2823 1340 2883 5
1362 2785 1457 2872 clrm
1476 2791 1589 2875 enirn

209 2933 283 3020 per
311 2904 503 2992 endicula
520 2907 593 2991 fibi
617 2908 785 2992 demum
796 2913 840 2994 in
856 2937 969 2994 terrae
989 2911 1131 2990 'centro
1145 2931 1378 3000 occurrant,
1401 2905 1488 2987 fieri
1503 2935 1588 2988 non

209 2931 320 3136 polle
336 3020 554 3135 putabant,
564 3051 609 3106 ut
623 3023 737 3107 sunul
746 3022 924 3138 paralleli
936 3017 1063 3106 ellent
1075 3023 1258 3138 parietes.
1283 3020 1331 3104 Id
1346 3021 1459 3134 quod
1471 3021 1586 3106 Geo-

210 3135 383 3220 metrice
398 3140 566 3250 quidem
584 3168 728 3226 verum
741 3137 826 3234 est5
843 3137 1016 3252 Physrce
1040 3165 1176 3221 tamen
1192 3133 1476 3250 parallelilinus
1490 3165 1587 3222 cum

209 3245 286 3366 per
309 3252 511 3340 enditulis
534 3251 735 3340 consentit
762 3291 771 3336 ε
802 3253 942 3345 namsr
968 3250 1173 3341 funiculos
1192 3252 1293 3336 duos
1316 3248 1586 3364 longitudinis

208 3281 308 3480 ped
320 3399 414 3456 too.
441 3369 558 3456 clavo
577 3369 715 3456 affixos
728 3373 788 3458 ,ita
806 3370 1033 3468 extendas,
1046 3375 1091 3452 ut
1108 3395 1288 3452 extrema
1304 3395 1445 3453 eorum
1461 3365 1585 3484 palmi

204 3483 420 3569 intervallo
435 3485 611 3586 distent,
627 3485 827 3598 angulum
855 3485 1018 3574 facient*
1029 3485 1323 3576 acutilbmutm
1349 3493 1391 3568 ὅ(
1407 3482 1436 3566 sr
1453 3485 1580 3570 lineas

206 3598 308 3682 duas
320 3597 525 3714 bipedales
536 3602 701 3688 duxeris
717 3631 860 3694 eorum
871 3600 1192 3688 extremitatibus
1209 3622 1500 3712 congruentes,
1514 3603 1583 3686 vix

207 3710 402 3804 different
416 3713 440 3798 a
455 3714 673 3830 parallelis,
687 3747 783 3803 curn
798 3715 1009 3804 intervalla
1019 3719 1237 3831 jungentia
1252 3711 1440 3832 utrosque
1452 3713 1582 3798 linea-

204 3859 300 3914 rum
315 3834 509 3916 terminos
528 3827 721 3918 differant
736 3837 843 3916 inter
862 3831 899 3921 se
917 3829 1045 3918 solum
1058 3833 1179 3946 palmi
1195 3859 1307 3950 parte
1319 3837 1582 3947 quiuquage-

205 3945 314 4030 srma.
344 3948 489 4060 Longe
504 3976 641 4034 autem
651 3953 845 4066 majorem
866 3953 1062 4034 rationem
1074 3973 1186 4033 terra:
1201 3946 1579 4058 semidiameterha-

205 4059 275 4144 bet
289 4054 343 4146 ad
360 4063 584 4180 quamlibet
597 4063 861 4160 aedilitiorum
872 4065 1128 4154 altitudinem
1137 4097 1149 4158 3
1166 4091 1211 4147 ut
1226 4063 1397 4182 proinde
1412 4055 1580 4175 dparal-

94 4261 100 4286 ,
201 4172 355 4264 lelilino
373 4178 502 4263 multo
518 4179 652 4264 minirs
667 4181 861 4267 recedant
872 4185 1056 4298 parietes,
1070 4179 1222 4264 etiarmsr
1240 4180 1393 4269 fuerint
1409 4181 1581 4282 turrium

202 4290 327 4376 instar
339 4293 521 4380 altiffimi.
542 4299 871 4384 Ponanturenim
886 4302 1055 4412 parietes
1069 4297 1178 4394 duo,
1197 4325 1268 4380 aut
1284 4292 1418 4408 potius
1434 4322 1578 4394 turres,

200 4405 348 4493 distare
366 4413 473 4493 inter
488 4407 525 4496 se
539 4405 718 4528 paff3oo
733 4413 953 4509 tlitautem
973 4415 1195 4530 parietum,
1212 4409 1275 4496 vel
1294 4414 1467 4494 turrium
1483 4409 1576 4494 alti·
1659 4489 1662 4496 Δ

202 4523 300 4608 tudo
316 4518 413 4639 pals.
428 4539 505 4626 60,
522 4529 602 4611 hoc
617 4527 676 4612 est
691 4527 783 4644 ped.
791 4561 884 4646 3‘00.
905 4525 1080 4614 Constat
1092 4523 1224 4623 mihi,
1241 4551 1286 4608 ut
1297 4521 1393 4609 alials
1404 4525 1575 4624 ostendi,

201 4663 402 4726 terrenam
432 4633 888 4734 se'nridiametrtun‘n'on¹
911 4639 992 4732 *effe
1022 4645 1236 4731 minorem·
1252 4641 1423 4755 passibus
1447 4644 1588 4732 Rom.E

1242 4760 1295 4878 ο.
1338 4903 1346 4918 ‚
