3808 5262
323 181 351 224 v,

475 252 631 370 Liber
631 256 910 408 sicundus.
947 261 1289 376 CAPu'rlX.
1454 301 1574 407 209·

183 447 282 504 cum
313 415 510 505 Strabone
539 449 659 504 vocat
696 419 1074 536 Chersiphronem)
1114 417 1377 508 celeberrimo
1415 423 1564 510 Dianae

181 534 342 650 templo
362 533 636 620 construendo
653 536 884 652 praefeuus,
903 545 946 620 bc
963 539 1130 654 quidem
1141 535 1253 622 felici
1275 567 1427 624 eventu
1454 579 1463 623 ι
1492 571 1565 625 ca·

183 651 339 766 pitibus
358 654 470 735 enim
481 648 712 764 scaporum,
727 652 798 736 ubi
813 656 897 736 axis
915 657 1187 738 extremitates
1200 653 1455 755 desinebant,
1474 653 1566 742 sub.
1597 727 1606 738 .
1712 633 1716 650 ’

184 764 320 850 scudis
346 769 390 848 in
407 767 576 852 modum
595 765 791 866 inseruit,
820 795 943 881 atque
970 767 1252 883 implumbavit
1279 770 1427 856 ferreos
1447 799 1563 856 axes:

180 881 275 966 riam
291 883 343 966 de
358 881 523 966 materis
539 881 713 966 trientali
728 879 863 998 scapos
889 883 995 981 (hoc
1014 884 1073 968 est
1090 883 1247 996 ligneos
1263 883 1413 997 tigillos
1432 888 1566 972 crassi-

183 998 341 1081 tudinis
363 1002 575 1081 unciarum
600 1027 773 1112 quatuor
792 999 928 1112 pedis,
945 997 1013 1084 seu
1031 999 1226 1113 pollicum
1243 1005 1441 1115 quatuor)
1464 1004 1566 1086 duos

184 1111 392 1223 longiores
421 1108 538 1226 juxta
562 1113 762 1198 columna
788 1115 1088 1224 longitudinem
1112 1176 1124 1212 ,
1148 1114 1330 1229 duosque
1363 1114 1567 1204 breviores
1592 1199 1596 1208 .

185 1223 484 1312 transverhrios
498 1232 553 1312 ita
572 1234 802 1344 compegit,
824 1257 869 1312 ut
882 1229 1301 1344 parallelogrammum
1316 1231 1570 1317 constituen-

186 1371 249 1428 tes
280 1341 513 1427 columnam
543 1338 699 1460 pollent
727 1343 939 1458 complecti
973 1379 985 1439 ς
1022 1343 1246 1460 mediisque
1283 1344 1570 1432 transversariis

186 1457 335 1544 ferreas
364 1459 536 1542 armillas
571 1457 774 1560 inseruit,
813 1459 961 1574 quibus
990 1489 1084 1546 axes
1118 1461 1237 1546 ferrei
1264 1462 1565 1574 infigebautur,

186 1569 294 1659 adeb
312 1602 357 1656 ut
382 1573 510 1660 libere
529 1571 671 1660 versari
699 1570 880 1690 pollent,
904 1605 1003 1660 cum
1027 1575 1149 1660 boves
1170 1571 1569 1692 traherenrr'quem·

188 1691 412 1774 admodum
432 1700 478 1778 ἃ
506 1695 550 1776 in
579 1721 607 1804 g
635 1721 724 1776 rum
748 1689 969 1776 volvuntur
991 1689 1163 1804 cylindri
1189 1697 1399 1776 marmorei
1422 1721 1493 1776 aut
1511 1693 1568 1778 la·

188 1805 335 1922 pidei,
364 1834 538 1921 quorum
565 1721 656 1892 ullis
674 1805 737 1892 est
765 1811 809 1890 in
833 1808 1091 1920 exaequaudis
1114 1805 1467 1892 ambulationibus.
1498 1807 1568 1892 Est

189 1948 330 2006 autern
378 1922 557 2008 maxime
609 1921 821 2006 verisimile
855 1983 868 2020 ,
916 1933 959 2010 δι
1010 1919 1260 2036 probabile,
1299 1925 1357 2006 ita
1401 1923 1570 2009 firmiter
1650 2004 1651 2012 ι

190 2035 377 2146 ligneum
399 2036 500 2124 illud
521 2035 938 2154 parallelogrammum
964 2035 1078 2122 fuille
1102 2041 1387 2152 compastum,
1416 2065 1462 2122 ut
1484 2067 1570 2122 nott

190 2147 320 2238 sullam
343 2159 533 2238 extremis
556 2151 925 2252 transversariorum
959 2151 1158 2267 capitibus
1191 2150 1457 2241 anterioribus
1479 2151 1569 2236 alli·

191 2272 279 2378 gari
304 2261 460 2382 pollent
485 2268 631 2361 bovesv
648 2266 715 2352 sed
740 2273 863 2356 etiam
889 2297 963 2382 per
986 2295 1112 2352 totam
1124 2271 1333 2350 anterioris
1357 2265 1463 2384 scapi
1476 2267 1569 2353 lon-

191 2385 424 2496 girudinem
440 2383 652 2482 distribui,
679 2411 724 2482 ut
740 2381 896 2468 facilius
917 2381 1107 2466 columna
1121 2381 1412 2482 transferretur.
1463 2437 1465 2442 .

250 2497 488 2613 Prosperum
525 2505 682 2584 exitum
713 2494 928 2584 consecuta
961 2495 1170 2611 scaporum
1192 2501 1355 2582 vestuta
1380 2499 1565 2584 animum

190 2613 345 2728 adjecit
389 2615 633 2729 Methageni
675 2613 953 2728 Ctesiphontis
990 2613 1074 2696 filio
1113 2673 1125 2710 ,
1174 2640 1220 2696 ut
1256 2639 1466 2726 paternam
1501 2617 1569 2696 iu·-

190 2727 388 2817 dustriam
410 2730 665 2816 aemularetur
683 2733 727 2814 in
752 2728 953 2844 Epistyliis
980 2729 1210 2814 vehendis:
1235 2757 1331 2811 cum
1358 2733 1469 2810 enim
1496 2729 1571 2812 ho·

190 2873 285 2932 rum
303 2844 434 2956 figura
456 2875 541 2929 non
567 2875 615 2930 ea
635 2839 732 2930 ellet
756 2905 767 2944 ‚
797 2873 887 2958 quae
910 2845 1078 2958 perinde
1095 2872 1217 2960 atque
1237 2841 1460 2954 cylindrica
1485 2841 1574 2926 vol·

191 2967 236 3048 vi
271 2953 436 3076 pollet,
472 2960 630 3048 duabus
662 2965 759 3044 rotis
781 2959 935 3074 pedum
962 2963 1123 3044 circiter
1149 2953 1390 3044 duodenltm
1414 2955 1572 3071 singula

187 3075 376 3193 epistylia
404 3077 573 3162 firmiter
601 3074 762 3162 inclusit
788 3107 808 3184 ‚3
841 3091 1101 3189 rotarumque
1133 3075 1281 3160 centris
1301 3071 1451 3158 ferreos
1474 3101 1571 3169 axes

192 3193 369 3290 infixit,
401 3196 472 3305 qui
503 3199 549 3276 in
574 3191 740 3278 armillis
771 3187 939 3276 similem
962 3191 1161 3276 haberent
1181 3184 1450 3275 versationem
1478 3248 1493 3300 ,
1523 3217 1573 3272 ac

192 3309 277 3396 die
342 3307 446 3392 Χ-ιτίὶ
475 3311 521 3390 ln
553 3305 617 3392 sca
673 3337 763 3392 rum
784 3303 961 3392 vesturii.
1006 3308 1117 3396 Cum
1139 3308 1251 3390 enim
1283 3301 1407 3388 boves
1434 3302 1573 3414 ligneo

194 3337 569 3542 parall=elogrammo
598 3453 621 3508 a
651 3427 750 3536 igati
773 3421 1014 3518 traherent,
1041 3425 1159 3505 Rota:
1187 3415 1487 3516 volvebantur,
1511 3443 1575 3502 at·

195 3569 280 3656 que
303 3569 399 3622 tum
432 3537 509 3622 illis
538 3543 687 3654 pariter
717 3537 901 3653 epistylia
925 3539 1044 3621 Rotis
1080 3535 1325 3620 coherentia
1352 3537 1395 3616 in
1424 3551 1572 3646 gyrum

195 3650 491 3754 versabantur5
548 3658 670 3772 uippe
696 3683 786 3769 quae
811 3657 857 3738 in
881 3649 1103 3766 subjeetum
1125 3647 1252 3735 solum
1279 3677 1364 3732 non
1385 3652 1570 3732 incurre-

196 3767 331 3873 bant,
368 3798 463 3856 cum
497 3684 586 3856 sila
618 3775 734 3854 Rotae
763 3795 909 3854 terram
940 3771 1199 3879 attingerent.
1244 3764 1340 3848 Halc
1374 3763 1571 3850 methodo

195 3882 456 4000 corporibus,
473 3913 563 3998 quat
584 3915 669 3972 non
687 3881 778 3972 sunt
800 3883 852 3966 ad
876 3881 1173 3966 volubilitatem
1197 3880 1413 3964 rotundata
1433 3937 1445 3977 ‚
1467 3875 1571 3964 faci-

196 3999 277 4084 lem
297 3999 603 4086 convcrsronem
619 3997 837 4086 conciliate
858 3991 1090 4112 poll‘umust
1109 4027 1161 4082 ex
1175 3999 1292 4082 Rotis
1316 3995 1508 4076 nimirum
1527 4003 1570 4082 δε

196 4115 377 4232 pondere
397 4113 524 4204 moles
546 4145 626 4201 una
645 4117 946 4227 compingitur,
965 4115 1081 4227 cujus
1103 4106 1422 4198 extremitatibus
1444 4107 1572 4221 cylin-

192 4234 319 4322 dricis
338 4256 422 4314 tota
434 4227 649 4329 innititur,
669 4230 856 4346 nihilque
873 4227 1019 4325 refert,
1046 4230 1341 4343 cujusdemum
1362 4223 1499 4337 figurae
1524 4223 1573 4310 stt

196 4373 286 4462 pars
310 4345 467 4444 media,
491 4341 643 4434 scilicet
661 4347 854 4460 pondus,
884 4338 1012 4429 modd
1031 4343 1119 4444 hate
1145 4333 1574 4453 dsoloallquantulum

194 4459 348 4552 distans
366 4479 525 4544 motum
547 4491 632 4545 non
654 4463 859 4577 impediat.
906 4460 1003 4574 Qui
1026 4486 1162 4545 autem
1184 4460 1338 4540 ratione
1362 4481 1433 4540 aut
1456 4457 1574 4542 Rota

87 4590 91 4598 ’
198 4573 508 4675 construantur,
534 4605 605 4661 aut
623 4576 700 4664 illis
715 4607 817 4666 onus
832 4575 1085 4674 includatur,
1103 4569 1348 4660 artificisseu
1363 4571 1579 4663 architesli
1621 4611 1625 4622 ·

194 4687 362 4788 solertiae
386 4691 636 4811 relinquitur.
1219 4803 1307 4890 Μ

210 4931 218 4971 l
