3918 5262
519 246 889 406 Liberprimus.
944 255 1155 367 CAPUT
1184 255 1282 362 IV.
1530 289 1592 396 ¹9

211 410 290 497 hus
313 405 539 493 intervallis
568 409 746 494 remota:
769 415 880 526 Qtia
909 417 1023 503 enim
1045 413 1181 498 oleum
1201 405 1255 495 ed
1283 406 1498 524 persedius
1523 409 1598 509 est.
1659 497 1661 502 ,

217 521 304 642 qud
335 522 501 639 propius
521 531 625 609 a'e'ris
650 525 858 613 levitatem
882 525 1093 644 spirituum
1120 525 1343 612 subtilitate
1374 523 1597 626 aemulatur,

214 636 316 726 ided
333 642 448 755 quod
463 643 508 722 in
528 635 683 726 summo
700 641 790 758 vase
806 649 984 740 innatat,
1002 640 1303 760 optimumest:
1333 643 1388 726 At
1405 645 1490 724 vini
1506 639 1615 755 sua-¹

214 762 320 840 vitas
342 755 598 870 inexquifitd
615 755 673 842 sui
694 765 829 844 tartari
857 757 1068 845 sufficienti
1085 762 1257 845 humore
1270 755 1388 844 diluti
1405 785 1500 838 cunr
1522 754 1608 872 spi·¹

216 869 363 956 ritibus
386 870 646 986 permistione
671 873 890 962 consistens
915 878 1098 961 medium
1122 875 1257 964 locum
1278 879 1323 956 in
1349 866 1439 957 vase
1454 877 1596 984 exigit,

216 987 322 1070 ficut
334 987 468 1070 media
481 985 539 1070 est
557 987 664 1072 illius
674 996 847 1102 gravitas
860 996 966 1078 inter
977 994 1214 1102 vagantium
1228 987 1438 1105 spirituum
1450 985 1595 1072 levita-

218 1129 303 1201 tem
321 1165 333 1201 ,
362 1113 404 1188 δι
422 1100 626 1188 saeculenti
653 1111 789 1190 tartariw
808 1113 1049 1222 gravitatem
1067 1146 1076 1189 :
1094 1103 1407 1191 Mellisdemitm
1422 1101 1598 1188 dulcedo

219 1215 347 1302 exsui
363 1213 471 1314 salis,
489 1213 559 1303 seu
578 1215 780 1320 sacchari,
799 1225 917 1339 copiti
934 1226 1175 1338 proveniens
1185 1227 1234 1308 iis
1247 1217 1426 1336 partibus
1441 1219 1595 1332 potiffi-

217 1363 335 1418 mum
350 1330 456 1416 inest
465 1361 582 1448 ,quae
602 1336 732 1420 multo
745 1334 822 1423 sale
848 1339 1000 1424 rescrtae
1019 1334 1406 1454 gravioreslquoqui:
1423 1339 1537 1433 lunt,
1555 1345 1637 1422 &a
1709 1431 1714 1436 ,
1795 1433 1801 1446 ,

219 1453 265 1532 in
280 1449 411 1533 fundo
426 1445 645 1534 subsidunt.
686 1456 779 1542 Nec
793 1453 852 1540 est
866 1459 913 1538 iis
927 1453 1160 1565 abroganda
1173 1453 1295 1551 fides,
1317 1455 1447 1566 quiin
1465 1449 1600 1538 altissi-

217 1594 287 1650 mo
301 1567 404 1648 mari
415 1561 522 1647 adeo
534 1592 700 1678 gravem
716 1599 864 1686 aquam
878 1566 902 1656 ὲ
917 1565 955 1654 se
969 1565 1261 1684 deprehensam
1275 1565 1426 1651 alicubi
1446 1564 1598 1655 testan-

217 1707 309 1778 tur,
328 1707 375 1763 ut
402 1673 516 1793 supta
547 1682 749 1800 reliquum
765 1690 885 1770 maris
914 1685 1090 1771 fundum
1109 1683 1362 1769 ambulantes
1392 1682 1444 1768 ad
1462 1679 1597 1766 altissi-

217 1825 330 1880 mam
344 1788 485 1883 fossam
502 1807 715 1898 venerint,
730 1805 776 1884 in
793 1831 916 1917 quam
932 1826 1142 1918 penetrare
1159 1795 1298 1914 saepiits
1314 1801 1428 1881 irrito
1448 1799 1600 1883 conatu

219 1909 444 1996 tentairint:
467 1911 531 1996 his
550 1920 661 1998 enim
680 1947 764 2001 non
780 1917 888 2030 aegrl:
906 1919 1031 2001 fidem
1044 1915 1202 2014 habe0,
1221 1917 1292 2030 qui
1308 1925 1442 2005 a'e'rem
1452 1918 1497 1996 in
1507 1914 1599 1998 imis

220 2025 393 2112 vallibus
405 2027 626 2114 cralsrotem
638 2031 764 2146 atque
780 2038 1030 2144 graviorem,
1045 2037 1089 2115 in
1105 2030 1266 2116 stunmis
1278 2023 1378 2114 veri>
1392 2026 1600 2114 montibus

218 2147 428 2258 puriorem
437 2171 560 2258 atque
571 2145 767 2236 leviorem
779 2149 830 2233 ab
841 2148 1031 2244 omnibus
1044 2149 1202 2232 admitti
1222 2145 1353 2230 video.
1392 2148 1502 2230 Cum
1522 2147 1600 2228 ita-

222 2288 305 2373 que
322 2257 442 2354 (srex
462 2263 568 2342 notis
580 2263 631 2346 ad
648 2263 782 2351 rninirs
795 2277 892 2348 nota
912 2264 1102 2379 progredi
1115 2257 1439 2378 philosophando
1451 2257 1598 2355 liceat)

222 2373 351 2492 prope
371 2401 558 2459 centrum
575 2385 763 2489 gravium
781 2409 828 2463 ac
837 2381 991 2465 levium
1004 2379 1126 2492 medij
1142 2406 1273 2494 partes
1290 2379 1492 2488 graviores
1509 2375 1600 2470 smt,

223 2489 348 2606 quim
363 2487 505 2604 procul
525 2491 575 2578 ab
588 2493 683 2588 ill05
704 2500 839 2579 minor
851 2495 910 2579 est
921 2498 1134 2607 gravitatio
1152 2520 1392 2607 corporum,
1413 2491 1440 2574 fi
1460 2517 1602 2575 centro

251 2607 415 2723 ropiora·
433 2604 533 2689 fiant
543 2669 556 2708 ,
580 2613 808 2726 aequando
824 2610 951 2724 longe
974 2610 1026 2696 ab
1043 2607 1113 2693 illo
1132 2637 1285 2694 remota
1300 2605 1601 2692 detinebantur.

220 2636 342 2807 llinc
357 2750 494 2806 autem
509 2721 738 2840 responderi
755 2725 886 2844 potest
900 2725 1196 2842 quarentibus,
1211 2727 1337 2808 curin
1354 2720 1504 2808 fodinis
1516 2720 1605 2805 lon·

220 2837 278 2953 ge
297 2836 456 2924 facilius
477 2843 596 2944 crudi
616 2844 767 2928 metalli
786 2838 906 2928 malla
923 2870 1135 2927 moveatur
1149 2901 1160 2938 ,
1173 2837 1307 2956 ¹quarn
1327 2843 1372 2921 in
1391 2837 1603 2956 superficie

222 2984 340 3038 terrae
353 2991 363 3036 ε
375 2949 606 3041 ae'rscilicet
619 2957 915 3072 profundisillis
930 2955 1128 3042 cuniculis
1143 2953 1321 3042 inclusus
1330 2959 1491 3067 gravior
1499 2951 1604 3036 mul-

223 3067 272 3154 td
297 3100 345 3155 ac
364 3069 519 3172 crassior
533 3071 593 3156 est
606 3087 699 3160 adre
715 3075 818 3174 isto,
835 3101 959 3191 quem
981 3071 1243 3186 inspiramus,
1262 3092 1386 3185 atque
1411 3063 1518 3156 adel>
1544 3066 1603 3151 ibi

222 3183 433 3272 metallum
447 3187 778 3305 minitsgravitat.
1099 3259 1102 3266 .

212 3325 214 3328 ·
283 3297 463 3418 Qddsr
488 3301 613 3389 libeat
635 3311 836 3394 minorem
855 3311 964 3396 hanc
989 3305 1301 3416 gravitationem
1325 3303 1603 3415 experimento

221 3419 556 3533 deprehendere,
572 3420 682 3508 sume
694 3427 866 3512 vitream
882 3421 1055 3510 fistulam
1067 3417 1239 3534 superne
1255 3414 1427 3500 clausam
1438 3413 1602 3529 longio-
1623 3504 1629 3518 ,

226 3565 310 3619 rem
321 3533 494 3648 pedibus
512 3537 639 3624 tribus
652 3539 870 3640 Romanis,
888 3569 979 3624 eam
990 3534 1113 3650 imple
1128 3560 1297 3644 argento
1315 3535 1434 3630 vivo,
1452 3533 1605 3647 digito·
1730 3588 1734 3592 -

209 3681 306 3766 que
328 3645 511 3734 osculum
532 3655 723 3739 accurate
740 3655 932 3742 claudens
951 3660 1109 3737 inverte
1122 3713 1133 3748 ,
1148 3679 1195 3732 ac
1204 3674 1380 3764 argento
1398 3650 1493 3732 vivo
1508 3643 1602 3734 snb·

219 3769 317 3884 jet‘li
332 3765 638 3883 vasrsimmerge
649 3807 661 3868 3
673 3770 761 3856 tiam
778 3801 915 3858 amoto
927 3771 1060 3882 digito
1078 3763 1296 3852 descendet
1310 3765 1537 3847 mercurius
1557 3765 1602 3844 in

226 3879 383 3978 fistula,
401 3885 631 4004 iterumque
644 3883 832 3974 ascendet
846 3951 856 3986 ,
872 3897 914 3973 &
931 3889 973 3970 in
986 3881 1097 3968 certd
1109 3883 1276 3969 demum
1287 3877 1500 3962 altitudine
1511 3901 1604 3991 per·

220 3996 476 4116 pendiculari
494 3999 683 4118 quiescet.
714 3999 940 4090 Observata
956 4005 1082 4112 igitur
1095 4000 1309 4084 altitudine
1325 3994 1601 4110 perpendicu-
1660 3995 1663 4002 ’

212 4117 322 4212 lari,
343 4143 469 4230 quam
482 4125 704 4204 mercurius
727 4117 910 4216 obtinet,
936 4116 964 4202 fi
989 4119 1034 4198 in
1053 4116 1134 4202 imai
1155 4113 1258 4200 valle
1277 4115 1603 4224 experimentum

211 4229 485 4334 instituatur,
507 4235 637 4352 elque
662 4233 890 4350 comparati
908 4261 1004 4318 cum
1032 4233 1246 4318 altitudine
1263 4223 1601 4342 perpendiculari,

212 4352 365 4461 inqua
382 4349 587 4450 confiuit,
611 4351 707 4439 clun
720 4355 763 4434 in
777 4348 933 4434 summo
949 4356 1099 4436 montis
1121 4345 1289 4433 altillimi
1306 4345 1458 4426 vertice
1476 4369 1601 4454 expe-

223 4465 448 4546 rimentum
470 4467 577 4550 idem
589 4463 796 4566 'firmitur,
815 4465 1111 4551 animadvertes
1131 4461 1389 4548 altitudinem
1413 4459 1601 4572 mercuriJ¹

220 4605 295 4694 per
310 4583 396 4665 vim
408 4583 456 4663 in
471 4579 599 4684 fistuli
609 4579 779 4700 suspensi
791 4585 993 4670 minorem
1004 4573 1082 4723 elle
1092 4576 1302 4778 insunEmo
1312 4603 1466 4676 monte,
1479 4565 1604 4685 quim

958 4741 961 4747 ’
1301 4729 1323 4787 a
