3800 5266
441 207 839 366 Ltlerquintus.
887 215 1100 330 curun
1132 222 1199 328 V.
1400 213 1502 358 537

133 367 468 499 cumplet'teretur
479 407 492 454 ε·
510 383 551 458 &
570 370 755 487 quamvis
768 371 885 458 initio
901 372 1001 458 hinc
1017 375 1146 484 major
1158 373 1295 493 aliqua
1307 380 1502 464 movendi

133 487 299 572 facilitas
316 486 490 572 oriretur
521 485 662 583 (aaut
688 486 839 574 scilicet
866 493 1101 605 peritrochij
1124 494 1344 589 diametro)
1365 519 1503 578 tamen

132 603 294 691 evoluto
310 602 488 688 secundo
504 605 587 689 hoe
605 602 797 718 spirarum
814 607 957 692 ordine
971 605 1169 694 diameter
1186 611 1421 722 peritrochiy
1435 605 1503 694 di-

133 720 491 826 minutamajorem
506 719 1176 816 crearetmovendidifficultatems
1189 723 1407 808 maximesr
1420 721 1502 808 cir-

135 863 181 915 ca
197 834 582 922 Axemeonvolutus
592 835 701 919 funis
711 833 904 951 spirarum
915 841 1099 924 ordinem
1107 845 1257 952 pariter
1266 845 1505 950 geminaret.

135 976 252 1064 atque
267 947 485 1038 adedAxis
496 953 738 1036 diametrum
748 980 930 1064 augeret.
956 957 1090 1040 Funes
1101 953 1241 1070 itaque
1254 955 1363 1072 quast
1374 953 1530 1064 cylin·.·

134 1065 192 1148 dri
211 1065 492 1152 confiderandi
510 1065 601 1150 lirnt
622 1129 634 1165 ,
661 1095 835 1182 quotum
863 1069 1125 1154 craffitudinit
1144 1073 1329 1156 diametri
1349 1067 1440 1152 sunt
1459 1071 1503 1150 in
1519 1123 1534 1138 ψ

135 1173 406 1300 subduplicatd
424 1175 576 1268 basium
592 1183 769 1267 Ratione
781 1217 792 1276 3
803 1213 850 1268 ae
866 1211 1077 1301 propterea
1094 1190 1200 1273 inter
1214 1183 1314 1302 ipsas
1327 1183 1503 1270 craffitu·

135 1291 244 1396 dines
261 1301 438 1382 numeris
455 1297 643 1382 definitas
666 1298 1012 1388 rnveniendusell
1039 1329 1231 1388 ntunerus
1255 1301 1393 1388 medio
1410 1297 1504 1390 loco

134 1413 467 1528 proportionalis,
494 1423 537 1500 δι
561 1415 631 1498 hic
659 1411 859 1500 indicabit
887 1417 1081 1500 tenuioris
1104 1415 1213 1503 funis
1244 1415 1501 1512 diametrum,

137 1530 475 1640 quemadmodum
501 1533 652 1646 primus
669 1559 860 1614 numerus
880 1531 1197 1732 mjorponitur
1215 1561 1289 1648 pro
1304 1528 1502 1618 diametro

137 1643 452 1732 crallroris'funis.
483 1653 548 1733 Sic
563 1647 756 1760 quoniam
766 1644 1010 1732 funisDPe
1058 1647 1390 1764 exhypotheliut
1407 1674 1526 1752 roo„

91 1767 94 1778 '
138 1767 176 1842 dt
194 1757 300 1846 funis
326 1761 434 1846 circa
447 1789 686 1878 tympanum
713 1758 1066 1876 Asubquintuplae
1083 1766 1345 1852 crassitudinis
1372 1757 1504 1846 estut

142 1907 212 1972 20,
228 1875 461 1964 inveniatur
480 1884 587 1961 inter
603 1906 683 1962 100
705 1885 747 1962 &
767 1905 817 1961 20
834 1879 990 1961 medius
1003 1909 1060 1984 44
1073 1879 1116 1994 ξς
1129 1879 1337 1998 proxime,
1353 1887 1397 1966 &
1411 1872 1502 1960 dia-

138 2014 247 2104 metti
268 2011 431 2100 fum'tun
459 2043 578 2102 erunt
603 2015 787 2133 proxime
810 2021 854 2103 in
875 2020 1052 2103 Ratione
1077 2047 1156 2103 roo
1178 2016 1230 2102 ad
1250 2043 1316 2130 45.
1362 2023 1503 2133 Qrare

139 2147 251 2231 quam
280 2131 591 2246 amplitudinem
620 2133 833 2246 requirunt
850 2163 903 2242 45
935 2129 1044 2246 spirae
1067 2131 1234 2216 maximi
1259 2134 1368 2218 funis
1396 2137 1500 2238 DP,

139 2245 303 2326 eandem
319 2249 491 2360 exigunt
509 2277 587 2334 roo
604 2243 713 2364 spirat
728 2247 894 2332 minoris
910 2245 1018 2332 funis
1039 2247 1221 2330 attributi
1243 2273 1435 2363 tympano
1448 2257 1500 2351 A,

139 2349 164 2432 li
184 2385 352 2474 uterque
380 2361 490 2448 funis
514 2368 621 2448 circa
643 2366 834 2449 eumdem
851 2362 1078 2474 cylindrum
1098 2363 1375 2448 convolvatur.
1421 2368 1501 2454 Sed
1596 2464 1599 2476 ¹

139 2475 226 2580 quia
251 2481 471 2588 perimeter
493 2478 674 2594 tympani
708 2485 746 2567 A
782 2484 998 2598 quinquies
1027 2481 1212 2564 continet
1240 2483 1501 2592 perimetrum

137 2590 228 2668 Axis
246 2593 349 2690 BC,
366 2598 488 2679 unica
503 2601 683 2712 tympani
696 2592 797 2710 spira
808 2597 993 2712 quinque
1003 2593 1103 2679 Axis
1119 2589 1229 2708 spiris
1241 2593 1509 2710 aquat'urflse-

137 2705 311 2791 cundiam
331 2707 657 2823 longitudinem,
688 2721 729 2798 dt
751 2735 917 2796 centurn
934 2705 1043 2822 spirae
1069 2713 1248 2824 tympani
1266 2713 1501 2824 quingentis

139 2819 230 2904 Axis
253 2821 366 2938 spiris
392 2823 656 2940 respondent,
672 2828 699 2910 st
719 2827 832 2910 lineae
847 2823 1064 2939 longitudo
1081 2825 1300 2938 spolietur:
1319 2823 1406 2910 satis
1423 2855 1500 2911 au-

139 2956 214 3015 tern
230 2941 316 3036 est,
338 2939 366 3022 sr
383 2937 685 3054 longitudinem
710 2939 902 3056 spirarum
917 2971 991 3048 τις
1012 2947 1119 3025 circa
1131 2943 1263 3024 Auem
1278 3001 1289 3038 ,
1306 2939 1376 3025 ille
1390 2941 1502 3027 funis

139 3060 312 3166 tympani
326 3054 532 3154 obtineat,
549 3059 644 3174 quia
657 3057 872 3170 longitudo
882 3053 950 3138 illa
962 3054 1022 3138 est
1034 3058 1085 3141 ad
1096 3054 1204 3140 ftrnis
1220 3057 1305 3138 DP
1321 3055 1500 3167 longitu-

139 3167 268 3252 dinem
277 3201 331 3280 45
351 3171 577 3287 quintupla.
601 3177 815 3288 Propterea
830 3169 1012 3284 tympani
1028 3169 1175 3256 limbus
1193 3170 1393 3256 minorem
1411 3177 1499 3259 exi-

139 3289 193 3396 git
207 3287 514 3401 amplitudinem
528 3349 539 3386 ,
553 3285 676 3404 quim
689 3289 736 3371 stt
746 3283 937 3399 spatium,
952 3287 1062 3400 quod
1073 3291 1114 3370 in
1130 3290 1220 3370 Axe
1237 3287 1314 3370 BC
1330 3317 1502 3406 occupa·

139 3397 236 3486 turi
253 3405 474 3488 convoluto
493 3403 591 3488 fune
617 3408 658 3488 D
671 3409 723 3488 P:
740 3402 931 3488 nimirum
945 3399 1110 3486 llimbo
1127 3399 1325 3485 contineri
1342 3433 1501 3519 oportet

139 3513 191 3598 sui
207 3515 313 3605 funis
332 3519 624 3636 circumplicati
644 3516 765 3632 spiras
785 3549 838 3624 45
861 3553 874 3612 5
901 3513 990 3602 satis
1004 3513 1130 3626 igitur
1152 3517 1277 3602 fiterit
1292 3517 1502 3606 dimidiata

139 3632 366 3748 amplitudo.
940 3672 941 3676 ¹
1495 3653 1512 3666 ’“

191 3751 317 3834 Simili
340 3749 536 3836 methodo
554 3775 750 3863 tympano
781 3749 823 3834 O
853 3745 966 3834 limbi
981 3741 1288 3857 amplitudinem
1305 3747 1496 3832 definiest·

139 3869 325 3972 quoniam
348 3870 458 3962 enim
481 3865 592 3952 funis
607 3865 816 3950 craffitudo
831 3863 884 3948 ad
896 3861 1188 3948 eraffitudinem
1207 3863 1316 3948 funis
1338 3867 1424 3947 DP
1440 3861 1500 3948 est

139 3975 440 4096 lubvigetupla,
458 3985 565 4065 inter
594 4011 673 4068 100
697 3989 740 4066 δι
768 4013 787 4090 5
812 3980 948 4064 medio
959 3975 1051 4080 loco
1067 3977 1375 4092 proportionalis
1392 4008 1436 4057 ιι
1452 3973 1514 4093 ,ξ’

136 4115 314 4220 proxime
328 4119 559 4202 inveniatur
578 4151 590 4211 3
616 4127 658 4202 dt
672 4111 732 4198 est
746 4113 942 4200 diameter
958 4111 1066 4198 funis
1084 4117 1262 4226 tympani
1282 4117 1322 4196 O
1338 4113 1390 4198 ad
1409 4115 1498 4200 dia-

137 4251 305 4312 metrum
322 4229 430 4316 funis
447 4233 533 4316 DP
555 4260 600 4314 ut
617 4267 664 4316 22
678 4231 728 4352 ‚³5⁶0-
740 4229 792 4314 ad
810 4259 899 4318 100.
926 4228 1104 4349 Qaruli
1116 4231 1223 4310 circa
1238 4229 1415 4313 eundem
1430 4261 1500 4343 cy·

134 4357 309 4459 lindrum
327 4398 497 4484 uterque
516 4369 622 4452 funis
640 4369 964 4470 convolveretur,
975 4368 1087 4484 quod
1106 4359 1275 4478 spatium
1296 4351 1412 4480 spiias
1430 4367 1498 4452 fu-

138 4483 194 4562 nis
213 4485 297 4576 DP
313 4517 365 4595 45
386 4481 637 4584 contineret,
655 4487 848 4572 tenuioris
867 4489 988 4595 hujus
1001 4483 1110 4582 funiy
1127 4479 1248 4596 spiras¹
1266 4476 1400 4564 saltem
1418 4516 1492 4570 201

137 4601 505 4714 comprehenderet.
535 4605 738 4692 Ponamus
753 4607 932 4732 tympani
949 4604 990 4691 Ο
1005 4586 1390 4734 perimetrumeffea

1094 4713 1210 4826 ΥΠ

1370 4707 1371 4714 ¹
1391 4719 1401 4732 u

1391 4599 1502 4748 liis.
