3918 5262
805 157 1235 278 Mechanicorum

760 527 1124 637 CAPUT
1203 529 1320 636 IV.

342 804 344 812 ’
457 773 551 880 An
567 769 760 916 gravia
782 797 944 878 centro
962 771 1142 880 vicina
1165 756 1330 878 minus
1339 768 1633 915 gravittnt,
1735 893 1739 906 ,

239 1045 242 1056 2
454 1009 614 1121 Orpora
641 1035 724 1089 non
749 996 1035 1121 inteliiguntur
1054 1011 1253 1118 gravitate
1276 1003 1349 1088 nisr
1373 1008 1417 1088 in
1446 1001 1578 1088 alieno
1610 1001 1729 1100 locor

352 1005 621 1238 Cquando
639 1117 792 1206 scilicet
815 1153 961 1238 corpus
991 1127 1234 1234 contiguum
1254 1125 1361 1206 inter
1384 1119 1453 1204 illa
1479 1131 1729 1206 &centrum

262 1296 270 1314 ι
350 1269 464 1326 terrae
476 1240 760 1352 intemetum,
777 1243 889 1354 quod
906 1242 1033 1324 medii
1045 1247 1242 1323 rationem
1258 1237 1410 1321 habere
1423 1236 1575 1350 potest,
1598 1231 1732 1322 levius

349 1359 431 1453 estr
456 1359 558 1472 petit
584 1357 694 1436 enim
718 1354 822 1438 infra
842 1355 946 1439 illud
964 1349 1042 1438 effe
1069 1391 1077 1435 ε
1102 1352 1232 1437 nisum
1250 1381 1390 1436 autem
1406 1355 1519 1434 hunc
1539 1351 1731 1438 deorsum

353 1469 647 1554 Gravrrationem
662 1472 847 1556 dicimus,
874 1473 953 1556 Sed
976 1475 1170 1585 quoniam
1185 1464 1290 1552 nisus
1305 1465 1377 1551 iste
1391 1469 1552 1551 videtur
1566 1465 1730 1566 idcirco

351 1585 374 1674 a
395 1585 538 1672 naturai
555 1585 785 1683 institutus,
805 1614 850 1667 ut
865 1585 1120 1700 perturbatus
1135 1613 1350 1700 corporum
1365 1585 1465 1668 ordo
1476 1581 1706 1666 restituatur
1712 1619 1731 1677 ᾗ
1778 1683 1781 1690 Ι

351 1701 449 1790 fiex
466 1704 547 1787 fine
567 1706 668 1784 ratio
684 1701 861 1813 petenda
881 1702 949 1800 stt,
970 1698 1059 1784 satis
1072 1729 1237 1814 apparet
1254 1729 1421 1815 corpora
1435 1702 1572 1812 gravia
1585 1727 1731 1783 centro

350 1847 465 1904 terrae
491 1820 629 1903 vicina·
648 1814 781 1902 minius
801 1821 1021 1928 gravitate.¹
1052 1818 1412 1932 Qemadmodum
1428 1819 1539 1898 enim
1553 1813 1731 1930 quoties·

352 1961 518 2049 cunque
533 1929 677 2044 aliquis
693 1927 716 2014 ὲ
731 1931 933 2046 proposito
955 1933 1036 2018 fine
1052 1932 1334 2043 magisdistat‚
1356 1927 1409 2014 eo
1435 1935 1563 2043 magis
1583 1935 1733 2016 anxius

353 2051 413 2135 est
425 2111 437 2148 ,
449 2051 571 2163 atque
587 2045 762 2130 solicitus
772 2049 824 2132 de
839 2050 983 2133 mediis
996 2047 1176 2135 adillum'
1187 2035 1733 2162 ass‘equendtunlneeess‘ariis,

267 2249 270 2256 ,
355 2158 552 2264 &animo
564 2167 739 2278 aequiore
755 2161 948 2247 toleratur
957 2167 1139 2262 modica,
1156 2160 1280 2276 quarn
1295 2162 1424 2246 multa
1435 2165 1658 2257 violentias
1674 2167 1734 2247 ita

352 2269 496 2367 natura
512 2281 712 2365 minorem
725 2281 877 2364 ordinis
890 2278 1019 2364 debiti
1036 2281 1382 2394 perturbationem
1398 2273 1584 2379 sentiens,
1600 2281 1626 2362 sr
1640 2309 1733 2394 gra·

352 2427 405 2518 νς
427 2395 569 2510 parum
585 2393 708 2493 abiit,
723 2391 848 2508 quam
865 2394 1032 2508 srlonge
1049 2387 1211 2493 abeffet,
1229 2391 1371 2490 aloto,
1388 2393 1459 2479 ubi
1470 2399 1589 2510 juxta
1605 2401 1727 2506 inge-

354 2516 484 2618 nitam
499 2509 809 2626 propensionem
823 2515 951 2622 exigit
963 2510 1190 2608 confistere,
1206 2511 1340 2597 minus
1354 2509 1506 2596 solicita
1517 2505 1595 2596 effe
1607 2508 1736 2596 debet

353 2625 492 2720 deillo
506 2626 857 2738 restituendo,nec¹
870 2621 975 2710 adeo
990 2627 1226 2711 vehementi
1247 2655 1409 2725 conatu,
1426 2629 1508 2711 hoc
1522 2627 1582 2711 est
1593 2629 1736 2740 gravi--

354 2735 653 2854 tatione,illud
670 2767 816 2854 urgere
832 2739 1012 2826 debetin
1030 2734 1307 2828 locumsuum.
1396 2736 1401 2744 ’
1655 2733 1659 2744 ’

412 2861 481 2944 Ad
494 2859 583 2944 haec
599 2857 788 2940 omnibus
802 2856 1040 2971 apertiffime
1054 2855 1184 2973 liquet
1198 2853 1251 2942 εὸ
1266 2863 1416 2974 majore
1428 2885 1584 2943 naturae
1596 2861 1729 2976 irnpe-

354 3003 403 3060 tu
422 3001 592 3089 corpora
610 2969 800 3056 deorsum
814 2977 912 3068 niti,
941 2969 1026 3086 quir
1044 2971 1173 3058 levius
1194 2973 1252 3061 est
1270 3003 1444 3088 corpus,
1469 2981 1514 3056 in
1539 3007 1622 3090 quo
1642 3004 1731 3058 tan-

386 3121 481 3176 uam
497 3095 542 3172 in
566 3087 703 3172 medio
722 3085 996 3202 perficiendus
1016 3087 1079 3174 est'
1095 3118 1253 3188 motus,
1279 3090 1306 3172 sr
1325 3093 1592 3175 dimittantur.
1625 3095 1689 3174 Sic
1708 3085 1736 3174 ὁ

302 3215 305 3222 ’
355 3123 450 3294 Zxo
477 3210 522 3287 in
545 3215 636 3288 a'e're
668 3203 873 3318 pendente
891 3235 1058 3290 manum
1083 3203 1274 3290 deors'irm
1293 3204 1462 3290 validius
1477 3206 1584 3290 trahi
1610 3203 1740 3289 senen

355 3355 472 3420 mus,
490 3315 620 3436 quam
631 3317 683 3402 ab
702 3320 851 3402 eodem
864 3350 979 3436 aquae
994 3319 1178 3405 immerso
1195 3321 1378 3406 trahatur
1395 3384 1406 3420 ,
1434 3331 1475 3406 &
1488 3315 1620 3405 multo
1637 3321 1734 3406 lan-2

231 3529 235 3536 ,
357 3434 521 3553 gnidius
538 3463 710 3518 conatur
727 3431 915 3519 deorsum
932 3434 1031 3553 lapis
1046 3441 1091 3520 in
1112 3434 1232 3519 melle
1244 3435 1493 3521 descendens
1504 3499 1521 3536 „
1539 3433 1662 3552 quam
1687 3443 1733 3524 in'

357 3583 463 3669 aqua
474 3585 486 3646 5
500 3554 596 3666 quia
608 3548 801 3634 videlicet
820 3579 926 3666 aqua
938 3551 1067 3636 levior
1080 3551 1140 3638 est
1152 3549 1295 3652 melle,
1313 3563 1355 3638 &
1378 3565 1447 3636 a‘e'r
1463 3551 1592 3637 levior
1613 3553 1737 3670 aquai.

356 3673 475 3756 Hine
488 3667 548 3752 est
561 3667 695 3782 quod,
714 3665 877 3784 srmedij
894 3697 1025 3783 partes
1039 3668 1194 3754 fuerint
1204 3667 1363 3754 diversi
1382 3673 1578 3782 gravitate
1588 3673 1733 3784 pradi-

356 3817 406 3870 tae
420 3848 432 3885 ‚
447 3813 535 3900 pars
559 3809 701 3898 eentro
716 3810 829 3866 terrae
850 3787 1015 3899 propior
1038 3789 1161 3870 etiam
1186 3789 1262 3869 erit
1285 3791 1446 3897 gravior
1457 3819 1472 3878 ς
1493 3814 1616 3900 atque
1635 3781 1734 3870 ideo

350 3931 504 4017 eorpus
519 3905 561 3982 in
572 3925 689 4012 parte
701 3901 823 4010 medij¹
836 3905 1023 4010 graviore
1033 3901 1168 4004 minus
1178 3899 1394 4013 gravitabit
1404 3899 1531 4014 prope
1547 3927 1739 3994 centrum

357 4047 494 4116 terrae,
514 4013 636 4130 quam
653 4013 807 4128 procul.
842 4009 931 4098 Effe
944 4019 1277 4132 autemejuidem
1295 4018 1417 4130 medij
1438 4047 1522 4099 non
1539 4021 1734 4104 commoti

357 4159 488 4251 partes
510 4135 712 4246 graviores
739 4135 785 4213 in
800 4133 908 4228 imo,
929 4137 1115 4218 omnitun
1136 4131 1224 4218 fere
1247 4133 1465 4216 hominum
1490 4130 1621 4221 sensus
1646 4132 1734 4222 est:

189 4345 197 4356 ,
345 4277 508 4365 -quotus
529 4253 641 4332 enim
656 4240 826 4362 quisque
850 4239 937 4346 est,
966 4252 1038 4362 qui
1055 4246 1205 4334 nesciat
1220 4245 1349 4332 mellis
1366 4252 1561 4364 optimam
1579 4277 1735 4363 partem

282 4379 314 4408 '⁹
357 4358 458 4464 effe,
475 4393 568 4480 quae
582 4367 626 4448 in
639 4363 738 4450 vafis
750 4361 903 4462 fundo,
921 4369 1008 4448 vini
1026 4395 1114 4478 quat
1128 4370 1175 4448 in
1190 4365 1327 4448 medio
1342 4426 1353 4462 ,
1370 4363 1449 4449 olei
1463 4371 1609 4480 quaein
1625 4362 1733 4448 sum-

358 4507 455 4568 mo?
474 4481 515 4566 id
535 4509 672 4566 autem
696 4507 839 4566 verum
861 4509 946 4564 non
965 4473 1088 4582 effer,
1115 4481 1188 4566 nifi
1216 4479 1384 4595 liquoris
1402 4481 1582 4600 ejusdem
1603 4511 1735 4596 partes

355 4593 487 4696 efferte
502 4593 662 4686 diversa
678 4600 875 4711 gravitate
897 4595 1101 4688 delatam
1122 4598 1214 4690 loca
1229 4592 1258 4685 a
1274 4625 1388 4685 tertae
1405 4627 1547 4686 centro
1566 4594 1735 4796 dispagi-

506 4743 509 4758 ·
617 4747 621 4755 ·
1517 4763 1518 4768 ¹
1692 4741 1740 4798 us
