3708 5274
341 127 372 230 6
384 119 452 222 δὲ
630 87 669 181 ll'
819 91 1249 212 Methaniaorum·

333 274 555 395 fiquidem,
572 261 688 382 quod
700 266 830 348 motui
856 257 1020 360 relidit,
1038 257 1179 365 maiori
1205 273 1250 350 dt
1266 260 1612 354 velotiori'motui
1622 298 1711 358 ma·

333 403 397 511 ‘gis
418 387 714 499 tessstit‚‚quate
729 389 770 467 δε
788 379 985 497 percuffio
997 378 1042 462 lit
1057 377 1238 464 validior.

394 508 471 598 Ubi
483 500 582 590 verb
594 504 645 588 de
661 491 790 582 mortis
804 493 1019 608 velocitate
1033 491 1158 580 sermo
1169 495 1247 592 est,
1265 523 1348 580 non
1361 489 1713 584 videtundiffimu-

251 695 265 709 „
302 641 306 648 “
336 625 460 714 landa
477 617 598 726 medii
613 613 819 700 scindendi
845 611 1097 706 refistentias
1125 610 1205 694 hoc
1223 617 1375 726 quippe
1400 615 1565 696 tardiori
1584 623 1719 700 motui·

204 800 207 809 .
334 739 497 835 mimis,
513 733 848 842 velociorirnagis
865 727 1011 812 obstat.
1041 731 1080 812 Si
1101 725 1211 810 enirn
1227 755 1279 812 ex
1295 733 1406 812 lento
1425 727 1610 819 &flexili
1631 735 1712 814 vir-

340 857 457 976 gulto
478 843 885 956 abstraeiarnuirgam
907 873 976 959 pet
992 855 1126 928 a'e'tem
1142 840 1255 926 molli
1284 844 1452 932 brachio
1469 845 1554 928 huc
1571 907 1590 942 ,.
1601 845 1719 945 illuc,

340 959 1719 1068 sursum,dtorsumduxeris,hac,adretenuiffimamautfetbnul-

314 1107 318 1114 '
336 1091 420 1180 lam
433 1081 765 1197 compreffionem:
779 1073 998 1182 submonte,
1013 1081 1105 1171 virt,
1122 1103 1192 1158 aut
1207 1105 1260 1160 ne
1276 1081 1343 1158 vix
1361 1079 1551 1191 quidem,
1572 1105 1717 1162 tantu·

339 1209 426 1295 lum
437 1195 619 1287 &diretta
636 1192 802 1278 suarum
815 1196 988 1307 partium
1003 1191 1198 1305 positione
1211 1188 1423 1276 deflestet:
1440 1221 1481 1276 at
1498 1192 1526 1274 fi
1542 1223 1635 1277 eam
1651 1223 1715 1278 ve-

339 1314 573 1412 hementilts
591 1311 827 1425 agitaretis,
846 1318 938 1390 alite
967 1335 1121 1390 tantam
1147 1308 1432 1420 particularum
1458 1310 1715 1422 compteffio-

342 1467 437 1524 nem
455 1458 649 1516 renuente
663 1489 674 1526 ‚
687 1421 900 1510 manifeste
919 1421 1111 1508 inflexam
1131 1423 1307 1519 videbis,
1324 1433 1366 1508 δι
1381 1423 1618 1510 ‘illatamlibi
1632 1431 1721 1510 tim

342 1567 411 1640 aot
420 1577 540 1636 acuto
556 1543 667 1628 sibilo
682 1543 837 1655 prodet.
878 1543 943 1622 Sic
961 1537 1106 1622 baculo
1119 1567 1266 1655 aquam
1282 1539 1719 1640 setfflmaeleniterdi-

342 1671 486 1756 videns
498 1693 581 1746 non
593 1647 813 1743 admodum
831 1682 1123 1766 repugnantem
1134 1655 1326 1768 experitis
1338 1689 1351 1748 3
1362 1684 1403 1738 at
1420 1655 1600 1744 velociiu
1614 1689 1715 1742 ton-

345 1779 488 1870 citanti
517 1776 583 1860 illa
598 1771 733 1858 valide
755 1771 920 1868 resistit,
939 1768 1074 1883 eoque
1101 1771 1297 1869 validibs,
1318 1767 1403 1884 qud
1423 1775 1579 1856 eraffiot
1597 1773 1719 1858 fitetit

270 1989 276 2000 ,
346 1897 535 1984 baculus..
552 1895 616 1974 Ex*
627 1894 691 1974 his
708 1883 868 2001 liquidi>
881 1888 1099 1968 conficitur
1110 1888 1161 1970 de
1175 1889 1420 2000 perculsione
1429 1885 1716 2004 philolophatn

347 2041 431 2099 tem
440 2006 587 2096 frustra.
599 2002 728 2118 medijq
743 2004 1001 2087 relistentiam
1014 2003 1393 2087 menteabstrahere
1414 2041 1423 2082 ε
1447 2005 1598 2088 Namfi
1610 2007 1719 2089 nulla

306 2126 309 2141 ’
349 2129 408 2214 est
428 2127 509 2210 line
532 2153 644 2222 motu
664 2120 877 2233 percussio,
895 2116 1027 2200 nullus
1040 2145 1172 2200 motus
1185 2118 1259 2201 nili
1276 2146 1347 2230 pet
1360 2121 1565 2222 medium,
1589 2151 1723 2236 neque

325 2242 433 2331 tfinb
447 2235 794 2324 certavelocr'tatis
815 2231 1290 2324 attttatditatismensural
1304 2295 1315 2330 ,
1331 2237 1396 2316 cui
1420 2235 1604 2324 medium
1623 2242 1721 2320 inae-

348 2356 521 2478 qualiter.
534 2349 675 2436 resistit
687 2385 698 2445 5
721 2355 918 2464 utique&
934 2346 1125 2433 motumi
1136 2343 1380 2462 perculsione
1392 2347 1446 2432 ita
1458 2379 1597 2436 mente
1614 2358 1717 2464 pati-
1832 2363 1833 2398 ³

350 2504 411 2561 oer
428 2471 637 2586 sejungere
654 2471 801 2580 potetis
820 2493 894 2562 ‚.ut
909 2463 1012 2548 nihil
1029 2467 1248 2578 ptorl'usde
1266 2491 1380 2549 motu
1395 2471 1573 2577 cogites,
1591 2469 1721 2551 sinul-

348 2579 1723 2698 lamcummediorationenrhabendam'existimas:Atmotumejt't'l

350 2735 432 2822 que
445 2699 700 2786 velocitatem
714 2697 1002 2780 attendendam
1024 2690 1104 2780 effe
1118 2695 1162 2782 in
1178 2697 1422 2809 perculsione
1436 2727 1557 2780 nemo
1578 2727 1720 2812 negata

320 2852 324 2860 ·
349 2813 475 2936 igitur
497 2844 635 2928 neque
663 2812 786 2924 medij
815 2811 1100 2909 resistentiam,
1128 2841 1218 2927 qnae
1232 2812 1437 2898 velocitati
1459 2815 1629 2900 modum
1648 2815 1720 2900 ali-

351 2931 650 3042 quemstatuit,
663 2933 832 3012 omnino
843 2953 1102 3010 contemnere
1122 2955 1303 3042 oportet„

409 3050 523 3132 Hinc
551 3047 645 3130 duae.
670 3043 757 3130 fene
787 3074 837 3127 ex
857 3045 1055 3128 diametro
1083 3043 1272 3158 opposuit
1301 3041 1505 3130 sententiae
1531 3049 1722 3130 cavenda:

350 3167 443 3254 liant
457 3227 474 3262 ‚.
488 3190 661 3278 quarum
678 3158 802 3242 altera
816 3163 999 3270 gravium
1019 3153 1279 3273 inaequalium
1293 3191 1449 3246 motum
1467 3159 1604 3243 statuit
1617 3161 1722 3276 ipio·

352 3311 444 3372 tunt
459 3274 720 3392 gravitatibus
733 3275 974 3385 analogum,
995 3301 1040 3356 ut
1062 3271 1241 3390 decupld
1258 3276 1439 3362 velocibs
1451 3285 1667 3362 moveatur
1677 3280 1723 3362 il·

342 3399 448 3496 dudl,
468 3393 584 3510 quod}
596 3389 655 3474 est
667 3387 845 3504 decuplb
869 3395 1049 3501 gravius:
1062 3390 1185 3476 altera
1200 3393 1393 3508 aequalem
1410 3369 1598 3478 omnibus
1612 3395 1728 3532 uffo-

293 3525 299 3538 '
354 3521 519 3608 citatem
532 3504 689 3591 tribuit.
715 3516 934 3620 Utramque
950 3505 1159 3594 manifesta
1175 3514 1451 3620 experimenta
1463 3509 1641 3595 falsitatis
1658 3541 1727 3593 re-

207 3619 211 3634 ’
261 3625 264 3634 ’
352 3623 671 3740 dargutrnt,lrex
683 3618 863 3732 congrui
876 3620 1090 3706 altitudine
1106 3621 1367 3708 instituantur
1383 3663 1391 3707 :
1409 3629 1447 3710 Si
1464 3631 1633 3710 enimex
1645 3625 1732 3710 val·

354 3745 409 3833 de
429 3739 535 3828 edital
552 3738 651 3822 mm
662 3735 876 3848 inaequalia
895 3767 1087 3852 corpora,
1106 3766 1176 3822 aut
1188 3736 1392 3846 ejusdem,
1404 3741 1651 3826 autdiverlae
1667 3740 1732 3826 se-

310 3858 537 4012 ·qaundbm
559 3851 730 3968 speciem
755 3857 960 3965 gravitatis
979 3854 1187 3952 dimittas,
1213 3853 1340 3956 illud,
1355 3859 1465 3973 quod
1479 3865 1641 3972 gravius
1654 3858 1732 3956 est,

348 4005 502 4072 tetram
513 3968 842 4081 citibsattingere
853 3966 1079 4054 observabis
1092 4031 1115 4069 „
1124 3967 1286 4056 sedtatn
1300 3973 1410 4060 brevi
1431 4003 1735 4060 momentorum

312 4179 315 4186 ,
355 4084 611 4186 discrimine,
627 4079 962 4170 utnulla.subess'e
980 4085 1091 4200 poffit
1105 4083 1278 4201 ‘suspicio
1292 4085 1452 4175 servata
1469 4091 1742 4174 velocitatum
1828 4137 1829 4208 q

355 4237 452 4296 eum
473 4200 736 4318 gravitatibus
753 4199 972 4311 analogiae··,
991 4231 1125 4316 neque
1141 4231 1275 4291 tamen
1294 4207 1345 4292 d't
1357 4207 1619 4292 velooitatum
1632 4205 1735 4290 inae-
1828 4209 1829 4302 l

357 4320 541 4442 qualitati
563 4315 748 4406 dubitari
759 4344 891 4434 queat.
937 4317 1044 4402 Meis
1062 4317 1214 4406 scilieet·
1227 4322 1389 4408 auribus
1407 4335 1449 4410 δι
1462 4323 1593 4408 oeulis
1610 4323 1737 4408 fidem

356 4441 549 4551 abrogare
563 4463 744 4551 nequeo,
759 4434 956 4550 quicquid
968 4435 1187 4522 obtrudant
1199 4439 1323 4552 aliqui
1344 4444 1387 4522 in
1405 4439 1660 4526 eontrarium
1672 4437 1741 4523 lua

356 4583 435 4646 aut
448 4553 623 4644 aliorum.
637 4553 914 4668 experimenta
928 4545 1150 4642 afferentes.
1164 4559 1355 4652 extimis
1368 4555 1491 4652 ¹breti
1508 4558 1740 4646 altitudine.

355 4706 362 4718 ,
1625 4677 1747 4768 Nam
1827 4671 1828 4704 l
