3708 5274
361 221 486 354 dog
735 209 749 236 ''
862 198 1285 324 Mechanico'um

353 377 555 472 ‘binorum
568 367 866 466 orbiculorum,
879 377 922 456 δε
934 364 1081 493 Ergetd
1098 368 1226 455 attolli
1242 368 1266 456 i
1280 369 1443 457 duobus
1456 375 1572 490 equis
1584 376 1740 490 pondus

355 491 555 580 librarum
576 519 664 574 non
686 483 821 572 minus
842 489 967 601 quim
990 487 1158 595 triginta
1182 485 1369 572 millium.
1407 489 1517 574 Cum
1537 491 1651 576 enim
1668 492 1740 578 lint

358 607 446 697 duo
461 599 1014 723 cqui,unusquisquemovet
1027 597 1147 684 libras
1168 600 1407 710 150005sed
1418 607 1515 721 quia
1527 605 1739 719 Trochlec
1842 624 1843 660 ¹

360 720 694 814 dissuasionem
710 713 1000 832 quadruplam,
1014 719 1155 832 accipe
1168 713 1361 802 librarum
1386 749 1521 828 15000
1536 720 1740 835 quadran-

224 883 227 888 ·
361 867 447 926 tem
466 869 610 948 3750,
637 847 681 921 δι
698 863 776 948 ope
798 833 1082 934 trochearusn,
1109 830 1137 914 li
1153 827 1239 915 solae
1253 828 1380 916 client
1394 846 1435 921 δι
1452 833 1504 920 ab
1517 835 1668 952 Ergati
1685 835 1739 924 se.
1769 837 1774 850 “

358 957 531 1070 inuste,
548 956 771 1066 unicuique
786 975 894 1062 equo
902 945 1161 1032 adhibendus
1173 941 1271 1032 essct
1284 945 1389 1032 nisus
1406 946 1740 1064 subquadruplus,
1843 958 1844 1006 l

363 1069 560 1158 uidelicet
573 1093 742 1152 conatus
759 1059 957 1148 sufficiens
974 1062 1027 1146 ad
1038 1063 1234 1147 movedas
1251 1060 1401 1178 absque
1414 1065 1610 1152 trochleis
1626 1068 1744 1156 libras

366 1217 417 1296 ῃ
427 1217 479 1294 50
493 1221 504 1268 s
518 1189 714 1300 quoniam
729 1179 896 1264 demum
908 1179 1064 1290 Ergatae
1080 1180 1216 1264 Vestis
1232 1178 1284 1262 ad
1297 1175 1641 1269 semidiametrum
1660 1191 1741 1269 axis

359 1301 423 1386 cst
452 1330 515 1385 cx.
529 1326 587 1412 gr.
604 1295 829 1411 decuplus,
860 1291 1005 1405 singuli
1032 1297 1130 1406 equi
1157 1291 1359 1378 adhibent
1381 1323 1574 1381 conatum
1605 1301 1741 1385 adhuc
1844 1290 1845 1316 ¹

358 1413 680 1530 subdecuplum,
698 1441 782 1526 quo
808 1405 960 1494 scilicet
974 1435 1187 1494 moverent
1199 1407 1320 1492 libras
1334 1441 1412 1519 375
1433 1447 1443 1494 r
1461 1410 1522 1496 cst
1533 1417 1740 1516 nimirum,

363 1560 416 1618 ex
432 1529 647 1646 hypothesi
662 1529 808 1612 harum
822 1523 1120 1622 trochlearum,
1138 1532 1181 1610 δι
1193 1525 1317 1636 hujus
1329 1527 1484 1638 Ergatae
1498 1587 1512 1626 ,
1525 1555 1665 1615 motus
1675 1561 1743 1648 po

362 1651 501 1746 sentix
513 1647 565 1733 ad
580 1669 739 1730 motum
754 1639 943 1756 ponderis
958 1640 1333 1754 quadragecupluss
1347 1667 1396 1724 ac
1409 1642 1584 1754 proinde
1599 1673 1741 1761 pooen·

365 1767 423 1848 tia
433 1761 832 1852 adhibesconatum‚
847 1783 931 1870 quo
942 1780 1124 1839 moveret
1134 1752 1286 1868 absque
1296 1755 1489 1842 ‘machina
1501 1767 1739 1871 gravitatem

361 1877 448 1966 dati
463 1873 652 1992 ponderis
670 1868 1123 1984 subquadragocuplasn

422 1998 480 2078 At
491 1987 633 2078 verbfi
651 1989 831 2105 pondera
846 1983 1066 2068 attollenda
1079 1983 1158 2067 sint
1169 1980 1340 2070 omnino
1355 1983 1599 2101 ingentia&
1614 1990 1740 2078 colos-
1846 1958 1847 2046 i

361 2105 531 2194 ficotera
548 2169 559 2205 ‚
579 2099 767 2190 nonsatis
785 2100 907 2185 fiserit
920 2098 1073 2185 trabem
1086 2097 1265 2211 erigere,
1281 2099 1408 2188 sedex
1420 2102 1604 2220 pluribus
1620 2109 1741 2195 trabi·

362 2223 437 2311 bus
454 2219 634 2308 invicem
647 2220 866 2331 compastis
881 2213 1139 2304 stvefisnibus
1155 2275 1167 2313 ,
1185 2215 1267 2301 five
1279 2217 1421 2303 ferreis
1432 2223 1665 2308 retinaculis
1676 2285 1687 2320 ,
1700 2236 1738 2312 δι

361 2335 488 2430 clauis
499 2335 610 2452 quasi
626 2333 824 2420 crudiores
838 2329 1047 2416 columnas
1058 2327 1217 2442 erigere
1232 2393 1244 2430 ‚
1259 2329 1406 2448 eisque
1417 2333 1647 2422 transverfis
1657 2338 1740 2428 aliis

356 2451 543 2546 'trabibus
561 2455 669 2536 inter
683 2447 723 2536 se
744 2445 933 2558 colligare
952 2506 965 2546 ‚
987 2451 1198 2532 autetiam
1216 2446 1398 2564 obliquis
1410 2448 1554 2536 fulcire
1568 2481 1739 2568 oportet,

362 2565 527 2657 &circa
538 2566 699 2685 pondus
714 2589 959 2689 componere
975 2559 1254 2649 validiffimum
1268 2562 1497 2664 castellum,
1512 2571 1625 2680 quod
1649 2571 1740 2656 nol.

362 2681 510 2774 lamio
526 2708 681 2801 partem
699 2675 887 2764 inclinari
907 2702 1030 2790 queat
1051 2711 1061 2758 ε
1086 2703 1131 2760 nt
1151 2677 1302 2764 deinde
1316 2677 1499 2794 pluribus
1513 2685 1740 2772 Trochlea-
1848 2737 1849 2788 ÷

362 2828 455 2886 rum
470 2798 636 2914 paribus
651 2825 746 2881 curn
770 2789 850 2878 suis
863 2793 1021 2904 Ergatrs
1044 2789 1122 2877 rite
1146 2791 1350 2879 collocatis
1370 2795 1629 2883 machinator
1650 2799 1740 2890 turb

361 2916 535 3029 aggredi
550 2911 663 3032 poffit
678 2937 790 3026 opus.
827 2902 914 2993 ch
930 2933 1068 2992 autem
1078 2905 1637 3000 multocommodiusnccidis
1650 2916 1741 3032 plu-

363 3059 426 3120 tes
443 3055 680 3118 communes
697 3021 922 3108 Trochless
940 3029 981 3110 δι
1005 3023 1407 3134 Ergatasadhibere,
1432 3024 1556 3143 quim
1571 3031 1740 3146 paucio·

362 3175 425 3232 ses
454 3143 655 3231 trochleas
680 3137 947 3255 plurimorum
970 3135 1245 3224 orbiculorum
1261 3139 1518 3241 construere,
1535 3175 1625 3259 quae
1646 3148 1738 3234 lon-

362 3261 562 3374 giffirnum
574 3258 717 3344 funem
724 3251 955 3366 ‚disemum
970 3249 1194 3365 exigerent,
1204 3283 1275 3338 ant
1288 3259 1652 3372 ingenteslirgaras
1666 3264 1739 3350 sta-

317 3417 319 3422 ’
363 3401 510 3476 tuere,
535 3399 709 3490 quarum
730 3368 856 3456 veliis
871 3366 990 3456 valde
1017 3367 1165 3480 longus
1182 3399 1268 3455 non
1298 3370 1372 3456 nili
1397 3376 1443 3457 in
1462 3376 1601 3490 amplo
1614 3376 1740 3494 spatio

364 3493 588 3603 circumagi
610 3477 776 3604 posset„
813 3481 920 3572 Illud
948 3481 1244 3569 Machinatoris
1283 3483 1450 3572 solertiae
1481 3494 1741 3612 relinquitur,

365 3603 480 3720 quod
494 3607 660 3719 Ergatas
676 3599 851 3717 singulas
865 3627 997 3715 utque
1012 3597 1237 3686 Trochleas
1255 3628 1339 3686 tarn
1352 3602 1448 3718 apti:
1465 3603 1677 3723 disponat,
1696 3643 1743 3700 ut

363 3721 438 3812 libi
452 3722 633 3807 invicem
646 3717 941 3832 impedimento
957 3741 1041 3798 non
1057 3711 1147 3798 snt.
1193 3717 1362 3834 Qodss
1377 3721 1506 3816 ,dum
1518 3723 1741 3840 molesjpst

362 3835 571 3936 elevatur,
585 3831 715 3920 fulcra
730 3829 900 3918 subinde
915 3855 1146 3944 opportuno
1167 3828 1262 3926 loco
1276 3827 1485 3942 ssbjicias,
1508 3841 1659 3952 quibus
1673 3843 1742 3930 illa

362 3949 587 4051 innitetur,
605 3943 735 4034 multo
749 3946 919 4046 certius,
937 3966 1018 4032 nec
1036 3941 1121 4031 fine
1132 3943 1281 4034 laboris
1294 3951 1562 4066 compendio,
1575 3987 1664 4046 rem
1675 3987 1742 4045 to-

255 4095 258 4102 ·
364 4096 448 4158 tam
519 4067 663 4155 rficies.
1171 4073 1177 4084 ’

401 4267 403 4272 ,
423 4097 552 4300 Qieod
561 4176 925 4271 demumadfunes
933 4184 1103 4284 attinet,
1115 4180 1161 4263 in
1174 4179 1405 4293 ponderum
1417 4185 1649 4296 ingentium
1660 4188 1743 4276 ele·

361 4303 528 4389 vatium
549 4296 701 4412 duplex
724 4293 951 4414 periculum
970 4296 1283 4412 precavendum
1296 4295 1383 4392 ests
1403 4297 1603 4402 alterum,
1627 4307 1744 4422 qood

137 4427 140 4434 ,
269 4427 275 4434 .
360 4415 497 4621 fluns
511 4411 726 4502 Trocffleae
739 4410 904 4500 divers„
918 4413 1107 4528 ponderis
1119 4407 1589 4529 portibusapplicontur,
1604 4419 1747 4508 nesci·

379 4541 461 4618 icet
490 4528 609 4616 funes
629 4527 869 4642 ¹aliquorum
894 4526 1192 4614 Trochlcarum
1222 4530 1275 4613 vi·
1291 4531 1484 4642 ponderis
1512 4535 1606 4647 plos
1632 4537 1745 4652 justo

360 4643 1051 4761 &martinummontem
1059 4639 1210 4763 ,quim
1220 4645 1431 4764 periimus
1440 4649 1605 4760 pondus
1618 4651 1747 4782 usque

1697 4797 1743 4858 sn
