3794 5266
398 265 513 364 472
673 211 742 274 Ἀ
886 207 1311 357 lisseclanicorum

401 385 468 473 sed
484 387 512 468 B
527 375 820 496 deprimeretur
834 379 939 465 infra
956 377 1120 494 plamrm
1141 377 1417 478 horizontale,
1435 381 1528 467 &A
1545 375 1661 496 supra
1672 377 1762 474 illud

402 503 639 588 elevaretur.
687 495 840 580 Verum
856 503 1146 609 (preterquam
1165 497 1276 607 quod
1292 525 1375 578 non
1392 497 1462 582 hic
1477 497 1537 582 est
1556 501 1669 580 navis
1681 527 1760 579 nro-

400 645 479 712 tus,
494 619 546 700 de
560 645 641 730 quo
652 611 898 724 disputatur)
912 607 1204 716 observandum
1219 609 1276 693 est
1288 616 1332 694 in
1348 614 1519 725 navigiis
1533 610 1762 709 minoribus,
1858 671 1859 682 η

401 731 550 848 quibus
565 726 774 843 movendis
791 731 936 810 unicus
949 725 1076 811 malus
1096 723 1336 825 adhibetur,
1354 727 1469 812 hunc
1488 727 1605 812 statui
1627 727 1762 809 nonin

353 940 356 949 ,
399 849 536 932 medio
559 845 743 956 navig10‚
758 837 825 927 sed
846 847 973 952 magis
998 843 1192 926 accedere
1215 843 1267 926 ad
1283 869 1468 958 proram,
1488 849 1531 926 in
1556 843 1762 950 maioribus

400 947 537 1048 autem
555 961 724 1044 navibus
736 987 855 1156 ’aluae
874 957 1152 1071 plures'malos
1171 955 1349 1056 habent,
1369 963 1592 1044 maximum
1606 961 1764 1074 quidem
1858 949 1859 1042 l

399 1065 572 1174 mallim,
588 1073 705 1186 cujus
725 1105 750 1156 v
786 1073 966 1160 idissimae
983 1071 1074 1156 sunt
1087 1077 1213 1170 vires,
1234 1072 1444 1188 aliquanto
1460 1077 1628 1190 quidem
1644 1077 1762 1184 magis

398 1195 451 1278 ad
461 1197 630 1309 puppim
643 1185 768 1304 quim
782 1191 833 1274 ad
851 1217 1009 1305 proram
1022 1187 1217 1275 accedere
1234 1189 1571 1301 (silongitudoin
1583 1185 1764 1304 superiori

400 1325 513 1422 parte
527 1307 779 1398 attendatur)
800 1333 845 1388 ut
866 1309 911 1389 in
926 1309 1100 1389 Oceano
1115 1305 1253 1388 videre
1269 1303 1334 1390 'est
1347 1304 1562 1418 Anghmu,
1582 1303 1762 1403 Gallicas,

400 1422 668 1543 Hollandieas
686 1449 835 1519 naves,
859 1417 1091 1536 comparate
1123 1441 1259 1504 tamen
1282 1419 1332 1504 'aid
1363 1427 1562 1517 catinam,
1581 1421 1763 1529 majorem

400 1536 546 1624 carinae
559 1563 714 1651 partem
726 1539 1128 1652 puppim,minorem
1139 1563 1299 1649 proram
1312 1531 1517 1650 respicere.
1563 1535 1610 1620 id
1635 1563 1764 1618 autem
1858 1565 1859 1620 t

400 1685 452 1739 eo
468 1651 632 1740 confilio
646 1651 796 1736 sadum
809 1651 891 1752 est,
902 1681 954 1736 ne
968 1649 1095 1734 malus
1109 1665 1250 1734 centro
1263 1656 1469 1760 gravitatis
1483 1655 1597 1734 navis
1611 1647 1761 1763 respon·
1858 1649 1859 1698 ³

400 1764 518 1868 deat,
538 1797 670 1882 neque
685 1795 872 1852 exercere
887 1767 1001 1886 pollit
1012 1795 1162 1849 munus
1175 1769 1298 1850 vestis
1313 1763 1580 1881 deprimendo
1598 1776 1760 1877 proram,
1858 1765 1859 1770 ‘

399 1883 651 2006 puppimque
664 1879 873 1968 elevando.
916 1882 1096 2000 Qando
1110 1885 1219 1964 enirn
1232 1885 1359 1994 magis
1373 1881 1423 1966 ad
1436 1911 1595 1998 proram
1611 1880 1761 1964 accedit

398 2001 550 2095 malus,
567 2000 693 2110 major
707 2025 795 2112 pars
808 1996 959 2112 navigi]
976 1996 1243 2080 iuternralum
1257 2002 1476 2113 &puppim
1487 1997 1760 2109 interjetltare·

400 2117 545 2200 nititur
560 2109 626 2196 sua
640 2115 925 2223 gravitate‚·ne
939 2111 1145 2209 elevetur,
1169 2113 1334 2226 quando
1357 2109 1456 2198 verti
1475 2109 1650 2200 dmedio
1665 2141 1758 2228 pup-

399 2233 485 2344 pim
501 2223 637 2312 versits
660 2225 976 2338 recedit,·majot
1002 2222 1092 2340 pars
1117 2225 1370 2346 navimque
1385 2227 1650 2342 deprimenda
1661 2221 1759 2318 esset,

399 2347 594 2457 majorem
613 2369 727 2456 aqua>
739 2339 998 2428 refistentiam
1012 2337 1192 2436 inveniet
1207 2372 1253 2426 ac
1268 2342 1439 2458 proinde
1455 2339 1605 2428 servati
1626 2347 1759 2426 carine
1858 2385 1859 2442 ς

399 2461 597 2576 positione
615 2456 857 2541 horizontali
870 2455 1027 2544 facilius
1045 2456 1158 2540 navis
1170 2485 1367 2543 movetur.
1418 2461 1533 2541 Hinc
1553 2459 1760 2543 tardiorem

402 2577 488 2660 sieri
502 2571 654 2686 navigij
671 2567 829 2655 cursum
841 2575 1065 2688 contingit,
1078 2569 1143 2657 vel
1156 2578 1252 2689 quia
1262 2596 1470 2688 perperam
1482 2573 1701 2658 collocatus
1711 2571 1760 2655 est

399 2689 550 2788 malus,
564 2687 629 2774 vel
653 2685 748 2802 quia
760 2689 939 2802 pondera
950 2693 994 2772 in
1005 2691 1099 2772 navi
1115 2717 1199 2770 non
1214 2685 1305 2772 sunt
1321 2689 1397 2774 rite
1409 2687 1646 2786 distributa,
1665 2683 1759 2773 aded

400 2801 600 2888 utimalo
611 2807 678 2888 vix
691 2801 986 2888 absrtcentrum
998 2801 1203 2916 gravitatis
1217 2803 1368 2918 navigij
1381 2802 1759 2898 onustirtuncenim

397 2915 578 3036 depressi
594 2917 710 3036 proni
725 2927 766 3003 dt
777 2915 913 3002 carini
926 2920 979 3004 ad
994 2917 1251 3004 horizontem
1264 2918 1457 3003 inclinati
1473 2917 1601 3025 major
1620 2923 1681 3004 vis
1694 2917 1758 3001 ob·

284 3121 286 3128 ,
399 3039 475 3117 viae
490 3065 605 3148 aquae
622 3032 774 3117 resistit.
821 3037 959 3148 Quare
977 3061 1137 3118 tantum
1151 3031 1263 3118 abest
1278 3034 1405 3118 malus
1420 3031 1612 3118 irratione
1634 3036 1756 3127 vedis,

399 3153 440 3234 vi
456 3151 572 3258 eujus
588 3147 867 3264 progrediatur
882 3153 1113 3260 navigium,
1133 3172 1183 3230 ut
1203 3151 1338 3262 po'tius
1353 3177 1564 3245 caveatur,
1579 3178 1632 3246 ne
1649 3149 1757 3233 vedis

398 3289 547 3349 munus
560 3263 848 3362 illeexerceat,
863 3291 1020 3350 motum
1030 3263 1208 3379 aliquem
1227 3263 1469 3363 efficiend0‚
1487 3269 1558 3382 qui
1576 3263 1755 3350 celeritati

399 3407 483 3464 non
501 3407 643 3492 pamm
658 3378 849 3464 officeret.
1315 3396 1317 3404 '
1489 3409 1495 3420 ¹

455 3499 507 3577 In
525 3523 639 3578 motu
655 3524 791 3579 autem
812 3493 974 3603 majoris
989 3492 1141 3606 navigij
1158 3487 1341 3606 pluribus
1357 3490 1470 3576 malis
1485 3490 1665 3576 instruet
1683 3517 1754 3572 non

398 3605 503 3702 solus
516 3608 735 3722 malus,qui
748 3611 1312 3724 praecipuusosl&nraximus,
1323 3611 1556 3704 attenditur,
1569 3605 1754 3692 sedetiam

397 3722 571 3838 reliqui:
593 3727 722 3836 potior
736 3755 871 3810 tamen
886 3727 938 3810 ad
947 3725 1254 3838 provehendam
1268 3725 1406 3806 navim
1427 3723 1484 3808 est
1495 3726 1643 3819 malus,
1660 3721 1753 3836 quiri

397 3839 535 3924 medio
544 3841 594 3921 ad
610 3865 767 3952 proram
781 3843 964 3940 accedit,
979 3839 1130 3955 quippe
1147 3843 1219 3954 qui
1234 3837 1370 3924 navim
1383 3841 1506 3941 trahit
1517 3873 1529 3930 3
1551 3827 1754 3950 namquid

397 3981 540 4038 centro
554 3955 758 4063 gravitatis
777 3961 944 4069 puppim
956 3959 1091 4042 vershs
1107 3954 1274 4049 recedit,
1288 3959 1422 4038 navim
1436 3953 1606 4070 impellit
1648 3947 1752 4045 otilu,

340 4089 363 4159 '.
398 4066 522 4181 quim
534 4070 687 4150 trahat:
701 4097 946 4180 quamquam
960 4069 1053 4169 ille,
1072 4075 1142 4185 qui
1155 4070 1206 4152 ad
1222 4075 1389 4184 puppim
1407 4066 1593 4185 proxime
1607 3982 1752 4181 sicelet·

399 4174 586 4295 &velum
601 4181 723 4271 habet
738 4183 1182 4296 triangulare,maxime
1193 4185 1374 4289 juvat,ut
1385 4183 1663 4297 gubernatoris
1672 4211 1752 4294 pro

398 4299 538 4414 posito,
553 4303 622 4429 qui
641 4297 801 4409 clavum
813 4301 930 4412 regit,
943 4301 1191 4384 obsecundet
1201 4302 1254 4382 'ad
1273 4306 1385 4386 navis
1396 4297 1553 4384 cursum
1568 4297 1752 4382 inalteru·

397 4409 511 4496 tram*
519 4441 672 4526 partem
688 4415 957 4542 dirigendum.
998 4415 1153 4500 Verum
1171 4411 1420 4530 quicumque
1436 4416 1563 4498 malus
1579 4413 1750 4498 conside-

396 4555 531 4624 retur,
551 4532 594 4609 in
609 4528 721 4614 nullo
740 4532 935 4614 rationem
949 4528 1074 4616 veciis
1091 4531 1285 4646 reperies,
1299 4532 1379 4618 srve
1395 4532 1445 4616 ad
1467 4529 1750 4647 impetiendam.

395 4643 478 4747 sive
491 4641 542 4730 ad
563 4645 801 4730 trahendam
814 4651 962 4732 navim.
