3708 5274
363 185 479 292 628
642 169 665 260 ·¹
801 233 803 238 ·
844 160 1264 290 Mecldnicomm
1841 305 1842 316 p

363 345 438 442 sa,
474 369 565 459 quae
601 327 783 454 septuplo
818 335 970 426 tardiris
1000 336 1189 423 movetur
1216 331 1343 454 quim
1374 334 1611 430 extremitas
1640 341 1743 428 fttnit
1840 321 1842 360 ³

332 465 335 472 ⁴
358 459 530 558 dudarii
552 517 564 556 ,
588 485 712 570 quern
735 449 831 538 aliis
854 456 1016 538 trahere
1036 447 1148 536 solita
1164 452 1437 566 e‘st’pbtentia.
1475 459 1590 542 Loco
1607 485 1742 543 autem

360 570 550 690 ponderis
575 571 635 656 est
654 581 750 666 aiir,
774 568 847 682 qui
872 565 895 652 al
917 565 1087 656 flabellis
1104 567 1329 684 impellitur
1348 603 1360 664 5
1388 601 1436 654 ac
1466 571 1641 690 proinde
1658 569 1741 688 qud

359 685 554 804 ampliora
583 683 674 770 sunt
707 682 895 781 flabella,
926 679 980 766 cb
1008 687 1137 796 major
1160 681 1221 766 est
1248 681 1471 769 refistentia
1497 693 1601 772 ae'ris
1628 717 1739 772 com·
1776 709 1784 724 ’

362 805 495 900 moti,
526 807 681 888 ratione
711 803 826 911 cujus
850 799 974 884 etiam
1003 798 1224 882 retardatur
1248 825 1382 882 motus
1405 809 1612 915 potentia.
1666 803 1740 890 Ubi

346 916 534 1034 *quoque
560 915 807 1000 attendenda
828 913 888 996 est
909 916 1032 996 Ratio
1055 911 1323 1023 longitudinis
1340 911 1594 1002 flabellotum
1614 915 1668 1002 ad
1690 915 1741 1002 st·

361 1032 664 1120 midiametrum
683 1031 768 1112 axis
788 1027 996 1110 convoluti
1020 1063 1029 1109 ε
1062 1051 1155 1110 nam
1174 1027 1202 1110 st
1225 1029 1314 1112 hate
1332 1031 1457 1112 Ratio
1473 1051 1741 1146 componatur

359 1179 458 1234 cum
477 1151 653 1232 Ratione
678 1140 886 1256 septupli,
911 1149 1033 1254 q'uam
1048 1140 1270 1226 'Trochleoe
1289 1141 1496 1241 tuscmnt,
1523 1147 1742 1232 habebitur
1843 1193 1844 1220 t

363 1268 488 1348 Ratio
522 1256 656 1346 mortis
693 1262 863 1342 extremi
897 1254 1048 1342 flabelli
1082 1258 1134 1340 ad
1163 1285 1321 1340 motum
1352 1253 1482 1358 massa:
1506 1261 1740 1376 plumbet:

298 1469 302 1474 ,
362 1389 610 1492 quamquam
633 1369 794 1456 nonita
815 1370 1087 1485 computanda
1106 1368 1165 1455 est
1180 1372 1538 1475 atnsrefistenria,
1553 1379 1741 1492 quasrto-

361 1522 403 1577 ta
415 1497 459 1578 in
477 1487 629 1576 flabelli
646 1493 899 1574 extremitate
917 1508 1201 1580 exercereturt
1221 1487 1310 1572 haec
1326 1486 1479 1573 scilicet
1494 1519 1568 1604 per
1582 1497 1740 1577 univer

358 1607 441 1693 fiam
462 1603 612 1692 flabelli
635 1601 945 1713 ¹longitudinem
972 1595 1222 1684 diffunditur
1249 1603 1500 1718 inaequaliter
1524 1605 1741 1693 distributa
1844 1661 1845 1678 ,

354 1750 432 1858 pro
450 1725 627 1808 Ratione
640 1715 841 1802 distantia:
857 1711 881 1798 d
897 1741 1038 1800 centro
1052 1711 1209 1812 motis,
1226 1728 1297 1802 ae'r
1323 1725 1474 1836 quippe
1492 1751 1568 1836 pro
1582 1721 1741 1808 diversi

89 1821 134 1852 ⁸
232 1903 234 1908 -
361 1837 605 1954 impellentis
622 1827 835 1916 velocitate
849 1827 1102 1946 inaequaliter
1115 1829 1269 1914 resrstit.

421 1953 548 2064 Qtod
570 1948 596 2032 sr
616 1951 744 2058 magis
761 1945 955 2029 arrideret
973 1973 1057 2028 non
1073 1945 1268 2029 continua
1281 1945 1572 2033 convolutione
1591 1948 1734 2035 flabel-

357 2067 397 2153 la
412 2061 666 2176 circumagi,
687 2058 754 2146 sed
780 2056 934 2144 alterni
960 2061 1135 2172 quadam
1158 2057 1285 2146 modd
1310 2067 1354 2144 in
1373 2064 1586 2164 dextram,
1610 2060 1735 2150 modb

246 2263 252 2274 ,
355 2186 401 2266 in
431 2179 635 2266 sinistram·
650 2173 874 2258 inflexione
899 2173 1042 2284 agitari
1063 2208 1076 2268 3
1106 2177 1224 2274 Axi,
1250 2203 1373 2288 quern
1396 2179 1506 2262 funis
1532 2181 1737 2267 dustanus
1845 2183 1846 2196 '

355 2293 667 2414 complestitur,
690 2289 820 2401 infige
836 2316 963 2372 rotam
979 2289 1211 2389 dentatam,
1239 2295 1354 2405 cujus
1369 2291 1513 2376 dentes
1530 2287 1739 2380 incurrant

357 2413 404 2495 in
421 2409 609 2530 pinnulas
623 2405 698 2493 fufi
715 2401 1058 2519 perpendicularis
1077 2401 1235 2490 flabella
1254 2403 1519 2510 sustinentes,
1538 2413 1734 2524 quemad·

356 2530 527 2616 modum
543 2531 584 2609 in
605 2526 810 2635 Tempore
834 2515 1062 2631 horologij:
1087 2518 1202 2603 simili
1219 2523 1329 2604 enim
1351 2527 1528 2623 ratione,
1542 2555 1592 2609 ac
1608 2529 1732 2610 Tem·

354 2668 432 2756 pus
446 2703 457 2744 ,
472 2635 583 2728 ulttb
600 2633 791 2750 citrdqu'e
804 2631 1043 2718 remeabunt
1062 2631 1249 2736 flabella,
1271 2645 1313 2721 &
1333 2647 1469 2721 ae'rem
1478 2643 1522 2724 in
1537 2642 1733 2756 oppositas

354 2781 487 2870 partes
503 2751 833 2862 commovebunt.
860 2746 970 2835 cum
984 2743 1084 2834 verb
1099 2748 1369 2835 :internorum
1385 2755 1567 2866 apposrto
1586 2787 1729 2841 manu·
1846 2835 1847 2840 a

349 2871 447 2958 brio
460 2867 765 2957 convolvendus
776 2867 853 2948 erit
869 2861 996 2962 Axis,
1013 2892 1060 2948 ut
1074 2863 1216 2981 funem
1227 2867 1454 2950 dustarium
1469 2876 1661 2986 recipiat,
1675 2901 1733 2956 at-

354 3015 438 3100 que
462 2985 643 3074 trochlea
657 2979 823 3068 inferior
843 3007 939 3068 cum
951 2981 1130 3094 pondere
1149 2980 1381 3078 attollatur,
1401 2987 1455 3066 ita
1470 2983 1605 3072 firsum
1630 3017 1727 3103 pau·

355 3101 474 3217 lisper
488 3101 644 3188 elevare
665 3093 890 3211 oportebit,
911 3119 957 3175 ut
972 3099 1059 3207 ejus
1070 3093 1251 3206 pinnulae
1268 3125 1351 3180 non
1368 3127 1586 3188 occurrant
1597 3106 1728 3188 denti·

357 3216 433 3302 bus
452 3243 545 3302 rotat
567 3278 578 3314 ,
597 3211 669 3298 nisr
692 3210 787 3297 citm
812 3213 958 3294 iterum
982 3205 1091 3296 fusus
1114 3205 1229 3296 suum
1260 3215 1304 3297 in
1330 3209 1468 3300 locum
1489 3218 1727 3305 restituetur.

356 3332 451 3418 Hac
466 3327 733 3420 alternatione
748 3322 979 3412 diuturnior
991 3329 1069 3413 erit
1084 3350 1234 3410 motus.

694 3577 1242 3698 Prorosrrro
1322 3587 1391 3698 11.

568 3865 711 3990 Corpus
733 3856 901 3994 aliquod
920 3863 963 3956 in
982 3847 1129 3993 gyrum
1151 3859 1322 3960 celeriter
1345 3861 1519 3966 uoluere.

401 4135 448 4222 N
478 4130 598 4220 rebus
621 4127 787 4220 scenicis
815 4129 952 4218 locum
982 4115 1133 4221 habere
1158 4163 1243 4220 non
1273 4135 1576 4253 infrequentem
1598 4135 1725 4248 potest

401 4251 489 4338 haec
517 4249 733 4366 propositio
756 4286 766 4332 r
794 4247 1013 4366 aliquando
1038 4247 1191 4335 scilicet
1211 4247 1302 4337 solis
1324 4251 1480 4340 discum
1500 4253 1547 4338 in
1570 4253 1725 4339 scenam

274 4443 281 4456 ,
353 4367 645 4484 producimus,
672 4393 797 4479 quem
816 4362 914 4454 licet
939 4395 1039 4450 auro
1061 4364 1284 4454 obdudum
1298 4430 1311 4470 ,
1336 4397 1385 4454 ac
1406 4367 1547 4457 multis
1573 4367 1726 4456 ficibus

305 4541 308 4546 ·
353 4481 634 4580 illustratum,
667 4509 766 4595 quas
795 4473 1060 4596 spesiatorum
1093 4479 1222 4567 oculis
1252 4513 1305 4572 ex
1333 4513 1418 4571 arte
1441 4483 1723 4583 subducimus,

353 4623 441 4690 non
473 4625 612 4688 tamen
639 4595 772 4684 radios
804 4596 1074 4721 ejaculantem
1106 4601 1365 4706 menumur,
1405 4602 1481 4692 nili
1516 4601 1588 4692 iile
1623 4607 1727 4692 circa

675 4765 679 4773 ·
1613 4721 1724 4813 suum
