3780 5268
176 205 200 226 ⁸
324 226 434 364 416
814 188 1237 315 Mechansc'omm

321 387 410 487 ‘LE
430 373 608 484 ΜΜΑ
628 379 686 478 V.
741 377 783 469 Si
802 375 848 468 in
863 357 980 488 redii
1000 369 1034 460 B
1051 367 1093 458 C
1111 349 1243 464 dudi&
1265 352 1321 454 ab
1335 365 1603 456 extremitate
1619 357 1735 459 dia:

967 513 1095 604 metri
1135 497 1366 600 assumatur
1402 507 1619 630 punitum
1674 505 1741 602 Ν

966 637 1076 744 ultra
1090 649 1302 778 punitum
1319 651 1515 744 medium
1542 653 1622 756 D,
1656 677 1736 742 at-

839 822 872 841 ’·
969 822 1056 921 que
1083 825 1134 882 ex
1166 800 1192 885 S
1219 817 1372 882 centro
1402 779 1535 887 dueta
1564 819 1648 917 per
1678 789 1735 884 N

689 954 698 961 “
861 904 902 1006 q
965 923 1080 1027 linei
1107 921 1224 1026 redi
1260 935 1379 1040 SO,
1411 923 1737 1060 produdlalque

882 1118 895 1185 ς
970 1065 1314 1204 perpendiculari
1338 1075 1420 1166 SD
1445 1077 1489 1164 in
1512 1077 1571 1189 Ρ,
1598 1102 1735 1166 tran-

964 1209 1056 1336 seat
1082 1245 1157 1344 per
1182 1217 1227 1308 N
1260 1205 1339 1306 alia
1361 1217 1574 1342 quaepiam
1601 1219 1738 1341 redte

972 1363 1069 1480 QR
1091 1364 1200 1451 inter
1225 1363 1256 1452 P
1282 1376 1326 1458 dr
1361 1363 1394 1451 B
1424 1345 1639 1467 circulum
1662 1347 1737 1450 se-

973 1531 1073 1594 cans
1090 1503 1134 1591 in
1156 1505 1228 1615 Q3
1253 1489 1344 1628 hac
1370 1487 1522 1628 pariter
1541 1487 1664 1592 secat
1686 1505 1739 1592 in
1852 1545 1854 1550 ·

827 1681 831 1689 ·
972 1627 1736 1770 Tperpendicularernprodudtarn,

408 1803 454 1886 ὃς
469 1769 568 1875 estd
589 1807 743 1873 centro
774 1785 800 1876 S
828 1787 1040 1876 remotior
1058 1777 1322 1912 quinaresta
1348 1777 1436 1876 BC
1460 1808 1593 1910 arque
1617 1813 1738 1911 pro-

287 1999 294 2010 .
408 1919 513 2022 inde
535 1933 697 2018 minor.
1540 1916 1546 1927 ’

396 2101 510 2222 Qie
521 2093 567 2182 in
578 2093 806 2211 Triangulo
825 2099 869 2181 N
881 2097 923 2182 D
937 2098 976 2182 T
990 2073 1225 2210 reetmg'ulo
1240 2101 1291 2184 ad
1306 2101 1366 2195 D,
1382 2095 1616 2213 angulnsD
1631 2099 1677 2180 T
1688 2097 1738 2184 N

337 2215 398 2303 est
416 2241 582 2312 acutus²
596 2217 738 2328 utique
754 2209 918 2298 in‘lined
938 2217 1011 2300 TS
1033 2209 1230 2330 assumpto
1249 2219 1402 2332 puncto
1421 2219 1469 2314 8,
1485 2245 1534 2300 ex
1549 2215 1638 2298 hoc
1654 2243 1736 2297 ca-

339 2335 411 2420 det
426 2337 470 2414 in
483 2329 631 2415 lineam
649 2331 741 2459 QR
755 2327 1101 2444 perpendicularis
1113 2329 1221 2414 inter
1234 2333 1384 2447 puncta
1399 2333 1452 2427 Τ,
1466 2342 1505 2416 &
1522 2333 1560 2414 R
1570 2363 1582 2422 3
1597 2359 1740 2443 quarn

339 2451 435 2537 dico
451 2449 645 2560 majorem
664 2447 745 2530 esse
767 2445 1093 2561 perpendiculari
1118 2449 1212 2531 SD.
1252 2451 1363 2532 Nam
1378 2448 1404 2532 fi
1417 2444 1498 2563 ipsa
1513 2449 1620 2528 recta
1640 2450 1672 2529 S
1689 2448 1741 2532 N

339 2557 685 2684 perpendicularis
705 2560 828 2652 fuerit
840 2564 892 2647 ad
909 2566 1034 2692 RQ,
1057 2562 1116 2646 cst
1130 2563 1377 2677 triangulum
1399 2567 1479 2648 SD
1494 2566 1538 2650 N
1561 2565 1739 2646 reclan-

341 2677 508 2796 gulum,
525 2673 713 2796 adedquc
732 2679 1016 2796 hypothenusa
1034 2683 1056 2762 S
1072 2683 1115 2764 N
1130 2679 1330 2796 niujorest
1348 2677 1471 2794 qudrn
1488 2679 1588 2762 latus
1614 2683 1640 2761 S
1660 2681 1739 2764 D:

343 2801 413 2884 Sin
430 2825 565 2883 autem
595 2793 939 2912 perpendicularis
957 2799 1009 2884 ad
1034 2795 1274 2912 RQcadar
1291 2802 1334 2878 in
1363 2805 1398 2882 V
1419 2793 1553 2880 secans
1569 2797 1743 2885 ferram

340 2913 421 3001 BC
439 2917 481 2994 in
501 2913 559 3008 Z,
577 2915 719 3028 urique
737 2915 761 2994 8
779 2913 813 2994 Ζ
834 2907 1080 2998 subrendcns
1096 2911 1293 3027 angulum
1309 2916 1463 2996 redium
1483 2913 1559 2996 SD
1574 2913 1612 2992 Z
1635 2939 1763 2998 ma-²

338 3027 479 3143 jorest
497 3021 621 3142 quim
645 3029 726 3110 SD
741 3061 754 3122 5
772 3027 831 3110 est
856 3055 994 3114 autern
1021 3035 1098 3114 SV
1129 3032 1257 3142 major
1281 3025 1405 3142 qudm
1434 3029 1533 3125 8Ζ,
1560 3055 1672 3140 ergo
1695 3039 1744 3116 δε

340 3141 473 3231 multo
488 3149 635 3240 maior,
651 3141 776 3260 qudrn
802 3143 885 3228 SD
904 3180 914 3225 r
934 3173 1033 3258 ergo
1057 3141 1167 3230 linea
1197 3147 1290 3262 QR
1315 3147 1507 3230 remotior
1522 3142 1580 3227 est
1597 3143 1745 3262 qudm

342 3267 374 3350 B
390 3261 452 3361 C,
473 3272 515 3350 ὅτ,
532 3262 675 3344 minor.

403 3376 571 3462 Deinde
587 3373 615 3457 fi
631 3374 739 3461 linea
750 3405 823 3489 per
842 3376 887 3462 N
903 3375 1120 3469 transiens,
1138 3387 1180 3462 dc
1197 3373 1396 3462 circulum
1411 3359 1569 3474 secans,
1584 3405 1743 3464 extre·
1781 3449 1785 3456 .

177 3517 194 3538 '
279 3485 282 3492 ⁴
344 3491 530 3580 mitatem
543 3490 708 3576 alteram
733 3490 882 3576 habeat
908 3522 992 3576 non
1009 3497 1114 3576 inter
1126 3492 1325 3608 pnnsl'um
1346 3497 1376 3578 P
1397 3497 1615 3596 terminum
1632 3523 1744 3608 per-

348 3607 620 3734 pendicularis
638 3611 718 3692 SD
721 3610 1097 3807 rprodustae,atque
1111 3614 1142 3696 B
1156 3615 1376 3708 terminum
1392 3615 1506 3729 reste
1517 3591 1600 3692 ‘BC
1616 3643 1628 3702 ς
1653 3609 1747 3696 Vel

347 3727 545 3814 dividitur
557 3750 603 3806 1n
617 3727 662 3808 N
678 3722 716 3809 bi
762 3729 884 3824 riam,
900 3736 944 3812 dt
962 3723 1069 3810 linea
1088 3730 1167 3812 SvN
1183 3755 1256 3844 per
1271 3725 1382 3829 elib.
1390 3759 1423 3832 3.
1438 3724 1497 3818 est
1511 3727 1748 3840 perpendi·

161 3923 173 3942 ,
231 3925 238 3944 ,
302 3841 494 3961 'cularis
512 3841 562 3926 ad
580 3839 1342 3956 illam,quaernajorestqudeD,ut
1358 3841 1749 3958 poteopposrtaan·
1885 3875 1886 3878 ¹

208 3985 214 3995 ’
348 3957 448 4074 gulo
465 3959 573 4042 redo
601 3957 740 4039 SDN
759 3981 773 4040 e·
791 3957 869 4043 Vel
883 3955 1082 4044 dividitur
1096 3958 1360 4072 inaequaliter.
1406 3963 1446 4044 Si
1472 3955 1748 4070 segmentum

348 4078 475 4183 majus
490 4073 588 4158 sitin
605 4097 717 4186 parte
732 4067 948 4186 superiori,
965 4075 1046 4160 hoc
1062 4079 1170 4184 inter
1188 4079 1233 4161 N
1248 4085 1290 4162 ὅ(
1305 4104 1445 4159 arcum
1462 4078 1568 4173 ΟΡ,
1582 4077 1749 4189 utique
1779 4093 1786 4098 '
1847 4168 1851 4176 ,

378 4191 693 4302 erpendicrrlaris
711 4217 762 4271 ex
782 4193 804 4272 8
822 4219 963 4275 centro
978 4193 1099 4276 duda
1109 4193 1153 4276 in
1168 4192 1277 4276 illam
1290 4190 1439 4278 lineam
1457 4193 1604 4278 cadens
1619 4189 1749 4276 seca·
1884 4257 1885 4298 p

335 4220 571 4404 sirlirream
600 4305 677 4394 BC
703 4301 810 4389 inter
823 4309 1036 4420 pundo-N
1052 4319 1094 4395 ὃ(
1115 4313 1183 4406 D,
1206 4339 1253 4396 ac
1269 4335 1479 4426 propterea
1491 4305 1749 4392 ostendetur
1884 4311 1885 4354 ³

350 4426 482 4534 major
494 4421 617 4538 qualrn
636 4423 733 4520 SD,
748 4451 793 4504 ut
806 4421 921 4538 supra
934 4421 1136 4514 ostensum
1149 4423 1208 4510 est
1218 4425 1270 4510 de
1285 4423 1392 4510 linea
1419 4427 1458 4508 R
1471 4429 1549 4535 Q
1570 4423 1748 4510 Atsrin

350 4565 465 4653 parte
481 4533 694 4652 superiori,
713 4539 795 4624 hoc¹
817 4543 874 4624 est
887 4543 995 4623 inter
1023 4545 1067 4626 N
1086 4555 1128 4629 &
1145 4573 1285 4630 arcum
1307 4547 1390 4627 ΟΡ
1410 4542 1456 4624 fir
1472 4538 1746 4650 segmentum

350 4649 488 4740 minus
518 4711 530 4752 s
562 4655 907 4814 perpendicularis
934 4685 985 4744 ex
1021 4662 1045 4744 S
1075 4663 1120 4746 in
1149 4661 1300 4749 lineam
1326 4661 1447 4747 dusta
1472 4655 1757 4890 capplrneipuflrp·
1883 4651 1884 4703 l
