3798 5264
354 191 460 304 166
819 171 1243 292 Mecbasricorum

355 353 405 440 lis
417 355 533 467 juxta
546 339 774 430 mensuram
797 339 1028 457 requisitam
1046 331 1098 428 nd
1118 367 1302 440 motum,
1322 345 1394 464 qtti
1420 338 1623 458 sequitur,
1643 344 1732 432 clun

358 467 560 587 principio
571 457 705 554 motlls
717 455 897 574 ejusdem
918 455 1108 544 mobilis:
1129 462 1244 574 atqui
1259 487 1394 544 motus
1411 459 1481 546 bic
1494 460 1657 576 equalis
1672 459 1733 548 ost

341 584 593 679 ·motui,cui
604 577 705 662 illud
716 574 878 672 resistit,
892 601 1001 660 totus
1012 579 1139 689 igitur
1149 581 1323 691 impetus
1337 577 1662 694 motorisduplus
1673 580 1741 666 est-

359 693 557 814 imperils,
574 698 646 810 qui
660 719 819 778 motum
829 691 955 778 efficit
966 695 1010 776 in
1025 690 1193 788 mobili,
1214 719 1414 807 quatenus
1427 720 1626 778 movetur.
1816 795 1820 800 Ι

419 813 535 896 Hinc
554 811 615 896 est
630 811 777 896 eodem
798 837 949 894 conatu
965 813 1132 894 motoris
1156 805 1352 924 disparem
1372 809 1479 894 effici
1496 837 1683 910 motum,
1705 810 1733 894 li

302 975 307 986 ·
360 933 542 1051 potencia
560 924 768 1044 aequaliter
782 952 994 1010 moveatur
1007 955 1103 1010 cum
1118 921 1284 1023 mobili,
1301 953 1346 1009 ut
1364 925 1542 1014 constat:
1557 931 1654 1040 quia
1668 932 1734 1011 ni-

361 1052 510 1134 mirum
527 1048 702 1160 impetus
729 1040 872 1128 mobili
897 1035 1104 1156 impressus
1122 1040 1363 1156 inequalem
1386 1039 1515 1160 babet
1537 1043 1734 1156 intensio-
1847 1143 1852 1150 ,

361 1191 481 1261 nem,
499 1164 683 1275 quamvis
696 1156 910 1244 entitativl:
924 1157 1088 1276 equalis
1105 1157 1164 1242 stt.
1195 1161 1236 1242 Si
1251 1163 1361 1242 enim
1375 1185 1461 1242 tote
1473 1164 1639 1244 motoris
1650 1165 1736 1243 vir-

363 1309 427 1374 tus
443 1278 490 1361 srt
505 1311 580 1374 ro,
597 1285 639 1364 δι
650 1276 795 1362 decem
810 1271 984 1392 impetlrs
1003 1272 1219 1389 particulas
1234 1273 1493 1360 resistentiam
1505 1273 1737 1390 superantes

362 1392 503 1482 mobili
519 1396 745 1508 imprimat,
763 1396 805 1474 in
823 1421 906 1505 quo
920 1387 1093 1474 intensio
1109 1389 1179 1474 fiat
1192 1419 1239 1474 ut
1255 1420 1268 1474 t
1287 1451 1299 1487 ,
1320 1393 1363 1473 in
1375 1389 1514 1476 mobili
1530 1394 1738 1506 gravitatis

362 1506 644 1626 sesquialterae,
662 1505 868 1622 particule
882 1506 1035 1590 caedem
1053 1502 1382 1622 decemimpetlls
1396 1507 1664 1590 immisionem
1676 1507 1739 1594 es-

364 1628 509 1715 ficiunt
525 1653 571 1708 ut
587 1629 628 1742 ξς
648 1651 772 1738 quare
789 1633 830 1710 &
847 1622 971 1734 hujus
985 1647 1121 1706 motus
1143 1626 1220 1706 er'it
1232 1618 1555 1738 subsesquialter,
1571 1651 1619 1708 ac
1636 1652 1737 1738 pro·

363 1759 460 1844 inde
475 1784 627 1852 motor,
643 1755 715 1864 qui
735 1749 944 1868 equaliter
963 1781 1058 1836 cum
1071 1749 1212 1836 mobili
1225 1780 1432 1849 movetur,
1451 1754 1574 1836 etiam
1587 1753 1740 1872 tardio-

364 1903 450 1960 rem
469 1869 594 1954 habet
619 1892 807 1968 motum,
840 1861 964 1986 quim
979 1865 1075 1954 cltm
1092 1895 1250 1956 motum
1267 1871 1396 1984 ‚priori
1425 1866 1568 1953 mobili
1593 1871 1737 1954 conci-

364 1987 499 2076 liabat.
841 2004 844 2013 '
1308 2019 1312 2026 ¹

419 2106 537 2190 Patet
558 2101 739 2211 igiturex
755 2095 819 2182 his
831 2126 1042 2216 nunquam
1055 2097 1141 2182 lieri
1153 2091 1262 2213 polle
1276 2123 1348 2196 ,ut
1359 2121 1504 2211 corpus
1519 2127 1642 2211 grave
1655 2105 1737 2185 mi·

362 2223 472 2306 noris
485 2243 555 2300 aut
570 2213 732 2330 aequalis
744 2215 903 2296 virtutis
922 2213 1094 2300 alterum
1110 2242 1272 2298 moveat
1289 2217 1365 2308 ita,
1379 2241 1425 2296 ut
1439 2214 1559 2328 planb
1572 2220 1614 2299 in
1627 2214 1741 2301 velo-

363 2339 488 2421 citatc
503 2328 757 2417 consentiant
777 2361 789 2422 3
812 2325 914 2413 illud
937 2335 1050 2417 enim
1071 2357 1215 2444 corpus
1232 2329 1368 2414 mimis
1386 2359 1457 2412 aut
1472 2330 1588 2447 aequb
1614 2357 1740 2442 grave

360 2453 579 2564 concipere
602 2475 685 2530 non
702 2442 832 2559 potest
844 2449 1043 2560 impetum
1055 2507 1067 2545 ,
1081 2453 1152 2562 qui
1167 2454 1209 2530 bt
1228 2443 1301 2528 srbi
1313 2445 1365 2529 ad
1382 2473 1540 2530 motum
1556 2442 1740 2544 sufficiat,

363 2575 406 2654 ὃ(
425 2563 537 2649 alteri
553 2560 752 2690 impetum
774 2564 1004 2674 imprimat:
1023 2560 1134 2676 finge
1145 2557 1297 2644 scilicet
1316 2563 1452 2644 animo
1470 2555 1586 2649 finffe
1604 2565 1739 2676 impe·

325 2696 331 2706 “
365 2709 456 2765 tum
468 2679 700 2794 impressum
717 2680 874 2790 corpori
888 2674 1005 2790 aequb
1027 2676 1090 2762 vel
1109 2678 1237 2786 magis
1250 2679 1384 2786 gravi3
1400 2673 1469 2760 hlc
1485 2680 1628 2792 utique
1642 2705 1742 2763 cum

364 2825 451 2882 non
465 2796 638 2880 excedat
659 2789 921 2876 resrstentiam
940 2791 1124 2890 mobilis,
1141 2788 1299 2888 nullum
1319 2791 1481 2876 efficere
1496 2791 1628 2907 potest
1645 2821 1740 2876 mo-

367 2939 478 3004 tum5
494 2913 618 3022 igitur
630 2936 764 3023 neque
776 2903 984 3022 impressus
997 2907 1076 2994 fuit
1087 2911 1276 3023 impetus,
1285 2927 1337 2990 ne
1355 2907 1402 2990 srt
1418 2903 1590 2996 omninb
1608 2911 1740 2994 inuti·

367 3025 427 3112 lis.
461 3019 591 3144 de
607 3025 636 3108 sr
652 3021 702 3108 erl
715 3026 874 3108 ratione
886 3020 1149 3138 disponamur
1170 3052 1216 3108 ut
1235 3051 1369 3106 motor
1386 3021 1566 3110 velocibs
1584 3028 1742 3109 moveri

339 3243 341 3248 Α
366 3141 481 3258 possit
498 3135 623 3260 quim
636 3137 810 3237 mobile,
823 3141 908 3252 jam
919 3139 1007 3223 lieri
1020 3137 1169 3254 potest,
1180 3165 1227 3222 ut
1238 3133 1429 3224 lminore
1438 3145 1566 3255 majus
1575 3169 1744 3228 movea-

367 3285 456 3342 tur:
472 3257 607 3340 namsr
625 3282 757 3339 motor
770 3253 881 3339 certi
894 3253 1070 3368 qur‘ldam
1084 3253 1299 3339 velocitate
1315 3285 1482 3341 movere
1500 3257 1614 3372 polsrt
1632 3283 1741 3371 pon-

368 3373 444 3458 dus
457 3375 577 3456 unius
590 3370 700 3455 librae
714 3367 922 3460 motusrbi
938 3368 1106 3486 aequali,
1121 3371 1269 3456 eodem
1282 3400 1434 3458 conatu
1447 3381 1490 3460 δι
1507 3371 1650 3458 erldem
1669 3401 1745 3457 vc·
1796 3385 1804 3398 '

368 3487 533 3574 locitate
547 3483 762 3572 semovens
777 3483 959 3572 movebit
969 3486 1128 3601 pondus
1145 3513 1312 3574 centum
1330 3486 1534 3585 librarum,
1548 3487 1576 3572 sr
1593 3487 1750 3576 hocita.

299 3627 303 3634 “
368 3599 660 3718 fitdisposrtum
681 3664 693 3702 ,
716 3629 762 3686 ut
777 3601 970 3718 centuplo
993 3599 1144 3688 tardilts
1163 3631 1375 3688 moveatur
1398 3639 1407 3686 t
1429 3609 1525 3719 quit
1550 3607 1747 3690 nimirum

371 3721 482 3805 idem
507 3717 720 3803 entitarivb
749 3719 922 3836 impetus
947 3724 991 3802 in
1018 3717 1102 3803 boc
1126 3721 1306 3832 pondere
1328 3719 1522 3834 'centuplo
1538 3721 1744 3820 remissior,

292 3867 299 3872 ·
372 3834 495 3952 quim
509 3839 555 3921 in
567 3835 756 4030 plondere
769 3838 888 3916 unius
901 3832 1033 3932 librae,
1047 3832 1192 3918 sufficit
1208 3837 1259 3920 ad
1275 3863 1431 3922 motum
1453 3834 1645 3951 centuplo
1658 3865 1744 3919 tar-

371 3955 537 4038 diorem.
617 3949 1298 4063 otussrquidemcentumlibrarum
1313 3947 1601 4066 subcentuplus
1614 3956 1658 4035 in
1669 3983 1748 4036 ve-

371 4066 536 4152 locitate
551 4129 561 4166 ‚
576 4063 738 4180 aequalis
752 4062 812 4146 est
828 4069 958 4148 motui
979 4071 1100 4150 unius
1111 4065 1222 4151 librae
1240 4067 1433 4180 centuplo
1449 4071 1494 4150 in
1507 4065 1743 4171 velocitate,-

371 4181 525 4286 fijenim
536 4181 636 4267 libra
645 4184 842 4294 percurrit
858 4207 1025 4290 centum
1043 4179 1153 4298 spatij
1168 4184 1318 4295 digitos
1331 4183 1403 4270 srbi
1419 4179 1679 4270 succedentes
1697 4191 1747 4272 in

370 4297 657 4408 longitudine,
680 4299 762 4412 pari
790 4323 971 4411 tempore
991 4325 1158 4382 centum
1173 4298 1288 4383 librtc
1312 4327 1554 4419 percurrunt
1576 4303 1746 4413 quidem

370 4418 539 4500 unicum
555 4409 1006 4523 digitumlongitudinis
1018 4411 1152 4527 spatij‚
1169 4444 1336 4498 centum
1353 4443 1488 4500 tamen
1499 4412 1622 4531 spatio
1635 4419 1745 4530 digi-

370 4527 463 4625 talia
476 4557 718 4646 percurrunt
728 4589 740 4629 ,
759 4528 922 4644 srngulae
934 4523 1205 4616 scilicetlr'brae
1218 4533 1405 4646 digitum.

436 4884 455 4916 V
