3794 5266
366 167 476 302 456
706 180 709 192 “
745 277 750 282 ,
856 149 1274 274 Merianicorum

367 331 467 414 remi
485 349 573 441 pars
588 311 700 406 extra
723 321 859 406 navim
876 319 963 416 est,
989 318 1217 435 partimque
1234 315 1425 406 d‘scalmo
1441 319 1562 408 distat
1577 335 1745 420 remex?
1770 351 1777 373 '

311 474 315 480 “
365 439 463 532 idei)
478 467 611 525 motus
625 439 815 551 potentiae
826 439 876 522 ad
896 465 1054 520 motum
1067 439 1256 551 ponderis
1269 441 1468 522 minorem
1483 437 1611 526 habet
1625 447 1741 526 ratio·

366 591 488 656 nem,
507 546 673 671 quimfi
696 550 962 638 brevioreffet'
977 557 1085 636 inter
1099 553 1339 668 palmulam,
1357 563 1401 640 ὃ(
1419 550 1633 655 scalmum,
1648 555 1741 640 lon-

368 674 543 792 gidrque
558 675 664 753 inter
679 665 870 754 scalmum
888 677 930 754 δι
952 665 1151 782 remigem
1169 668 1358 754 distantia
1374 671 1395 766 ,‘
1413 697 1458 752 ut
1476 669 1681 784 contingit
1697 677 1743 758 in

368 792 528 894 medio,
544 785 616 870 ubi
643 783 981 902 navisdeprelsror
995 783 1082 882 est,
1105 793 1147 870 δι
1169 791 1386 872 maximam
1410 784 1535 870 habet
1558 787 1742 874 latitudi-

368 898 491 1000 nem5
510 901 689 1019 pondere
712 903 823 984 enirn
836 899 970 986 minias
983 898 1157 985 distante
1177 899 1230 985 ab
1247 901 1566 1015 hypomochlio,
1593 907 1746 1016 majora

368 1020 461 1108 sunt
474 1014 665 1135 potentiae
678 1043 909 1115 momenta,
925 999 1022 1114 clun
1036 1015 1179 1100 eadem
1196 1045 1372 1131 ponatur
1386 1013 1604 1131 utrobique
1620 1022 1745 1104 vectis

354 1136 596 1250 longitudo.
628 1139 732 1254 Qut
747 1139 886 1216 au'tem
897 1131 949 1216 de
963 1128 1091 1248 puppi
1102 1132 1209 1216 dieta
1219 1129 1324 1229 sunt,
1340 1129 1475 1217 saltem
1491 1163 1576 1246 quo
1590 1133 1642 1218 ad
1654 1131 1744 1246 spa·

369 1257 415 1368 tij
432 1249 659 1364 angustias,
674 1253 796 1334 etiam
818 1247 871 1332 de
890 1246 1008 1364 proti
1034 1245 1434 1360 intelligenda-sunt,
1453 1247 1653 1362 quaequia
1665 1251 1745 1338 de-

370 1367 531 1488 preffior
552 1363 612 1450 est
634 1367 758 1480 puppi
780 1421 791 1460 ,
814 1373 862 1450 ,δι
884 1361 936 1448 ali
968 1392 1092 1448 nanto
1118 1361 1235 1450 altior
1260 1358 1384 1478 quim
1412 1368 1519 1448 circa
1545 1363 1745 1463 medium,

370 1507 585 1602 propterea
596 1477 905 1566 Thalamiotum
916 1393 1030 1566 lilaor
1042 1479 1199 1564 medius
1211 1477 1386 1568 estimet
1396 1479 1746 1569 Thranitarum&

371 1603 614 1714 Zygitartun
635 1593 825 1682 laborem.
869 1596 1081 1688 Dicuntur
1095 1591 1236 1680 'autem
1251 1601 1444 1706 remiges,
1465 1597 1535 1709 qui
1563 1593 1608 1678 in
1630 1596 1746 1680 navis

371 1715 510 1802 medio
519 1710 631 1810 sunt,
646 1710 822 1800 maxime
839 1741 1004 1847 provere
1021 1714 1104 1800 vim
1120 1773 1131 1810 ,
1147 1742 1233 1796 non
1248 1716 1343 1826 quia
1363 1714 1473 1794 atavis
1495 1739 1651 1808 motus,
1671 1720 1745 1828 qui

371 1830 481 1916 circa
500 1827 838 1945 hypomochlium
853 1856 1048 1946 tanquam
1062 1834 1176 1916 circa·
1186 1853 1373 1914 centrum
1395 1827 1440 1910 fit
1453 1887 1464 1924 ,
1479 1823 1540 1910 ibi
1555 1828 1603 1911 srt
1618 1833 1748 1943 major

371 1973 511 2040 motu,
538 1947 618 2060 qui.
636 1942 683 2027 fit
705 1941 751 2026 in
768 1947 919 2059 puppi,
943 1935 1161 2058 stremigea
1180 1973 1317 2060 parem
1341 1971 1480 2030 arcum
1501 1940 1745 2042 describant,

372 2091 469 2146 nam
487 2056 621 2178 potiits
640 2061 867 2176 oppositum
882 2058 1086 2174 contingit
1095 2093 1107 2156 3
1123 2058 1189 2146 sed
1201 2064 1297 2175 quia
1310 2085 1446 2142 remex
1461 2062 1501 2140 in
1516 2056 1651 2143 medio
1663 2065 1744 2144 mi-

372 2205 517 2266 norem
544 2175 756 2260 inveuiens
782 2173 970 2289 ponderis
991 2177 1183 2262 movendi
1210 2171 1470 2260 resistentiam
1498 2173 1586 2290 plus
1609 2180 1749 2262 navim

372 2288 572 2408 impellit,
592 2286 715 2406 quim
733 2289 761 2374 fi
778 2295 821 2372 in
838 2293 964 2406 puppi
979 2296 1385 2418 pariterconaretur,
1406 2289 1477 2374 ubi
1499 2291 1643 2374 eodem
1656 2291 1750 2376 nisu

373 2437 460 2494 non
473 2405 603 2522 potest
618 2407 763 2491 'eodem
774 2411 965 2520 temporis
977 2406 1102 2518 lpatio
1117 2435 1200 2491 tam
1213 2406 1390 2520 amplum
1401 2434 1539 2500 arcum
1550 2399 1750 2492 describe-

374 2553 430 2607 re.
467 2525 684 2635 Propterea
697 2518 891 2606 fortissimi
909 2522 1081 2634 remiges
1089 2523 1141 2628 ad
1156 2527 1325 2638 puppim
1339 2518 1585 2619 statuuntur,
1603 2549 1647 2604 ut
1661 2551 1752 2606 ma·

306 2677 311 2683 ·
368 2641 460 2760 jore
475 2641 628 2750 impetu
646 2639 843 2754 prodqu
867 2634 1034 2728 vincant
1058 2642 1249 2750 majorem
1272 2633 1750 2751 refistentiamridedque

327 2846 333 2862 ‚
376 2751 590 2838 Thranitis
609 2781 752 2867 praeter
762 2749 974 2868 publicum
987 2753 1235 2869 stipendium
1253 2756 1375 2836 etiam
1388 2751 1751 2840 extraordinarium

375 2871 517 2954 datum
532 2895 821 2952 commemorat
834 2870 1102 2982 Thucydides
1119 2867 1230 2952 lib.6.
1247 2871 1351 2954 Hac
1365 2863 1481 2967 veri),
1495 2897 1583 2982 qua
1597 2870 1646 2954 de
1661 2873 1751 2954 An·

377 2987 585 3098 tiquorum
601 2981 771 3068 navibus
798 2989 926 3096 magis
943 2983 1106 3102 proprie
1127 2985 1322 3068 dicuntur
1344 3041 1355 3078 ,
1389 3010 1558 3095 quarum
1577 2985 1706 3069 forma
1727 2982 1751 3077 i

365 3093 1065 3199 nostrisdilfidebat,uostristamen
1076 3097 1282 3185 celocibus
1291 3125 1361 3180 aut
1373 3097 1601 3184 triremibus
1616 3097 1750 3185 serva-

377 3212 428 3299 td'
440 3209 624 3328 analogii
651 3216 947 3302 accommodari
967 3211 1154 3332 polluntn
1176 3224 1271 3298 nam
1284 3217 1406 3304 etiam
1428 3218 1537 3328 apud
1556 3243 1628 3300 nos
1652 3213 1750 3300 scal·

377 3359 468 3414 mus
481 3330 535 3420 ad
556 3359 716 3446 proram
743 3332 851 3417 &ad
867 3339 1036 3448 puppim
1048 3329 1259 3428 ascendit,
1281 3339 1322 3416 δι
1338 3327 1381 3414 in
1398 3330 1535 3416 medio
1547 3330 1678 3442 major
1693 3330 1753 3417 est

377 3445 530 3556 navigi]
548 3445 795 3560 amplitud0,
811 3452 866 3530 ita
881 3449 950 3544 ut,
964 3445 1063 3530 licet
1073 3451 1416 3558 remorumcapita
1429 3449 1474 3527 in
1482 3445 1628 3535 eidem
1642 3447 1753 3533 reete

377 3558 483 3646 linei
493 3561 605 3668 juxta
622 3561 773 3676 navigij
789 3561 1091 3675 longitudinem
1110 3561 1432 3658 constituantur,
1448 3561 1594 3681 dispari
1612 3593 1751 3650 tamen

376 3671 1113 3792 Rationeiscalmodistinguanturin
1128 3707 1270 3792 partes.
1426 3773 1440 3780 ,

439 3793 518 3878 Sed
535 3791 691 3913 praestat
705 3790 835 3905 ipsum
847 3790 1125 3881 navismotum
1139 3795 1262 3909 paulo
1272 3789 1464 3880 attentiits
1477 3791 1750 3884 confideraret

379 3908 712 4026 quandoquidem
735 3908 766 3990 sr'
783 3910 1121 4023 hypomochlium
1146 3905 1242 4016 ellet
1258 3910 1414 4026 prorsus
1443 3908 1680 4007 immobile,
1706 3921 1753 3996 ὃ(

376 4056 484 4140 aqua
500 4023 636 4108 locum
653 4051 735 4109 n0n
758 4024 872 4116 daret
893 4027 1077 4139 palmulae
1103 4034 1291 4140 urgenti,
1314 4033 1457 4143 utique
1483 4047 1617 4110 motus
1640 4030 1755 4110 navis

379 4144 608 4225 admotum
631 4137 773 4257 capitis
798 4148 969 4242 remiin
997 4145 1042 4228 ed
1064 4137 1158 4228 ellet
1179 4146 1389 4241 Ratione,
1423 4172 1511 4256 quae
1535 4140 1754 4226 intercedit

380 4261 487 4340 inter
509 4254 715 4347 distantias
731 4251 894 4354 scalmi,
921 4269 962 4350 dt
986 4259 1127 4376 capitis
1148 4263 1247 4342 remi
1267 4259 1319 4342 ab
1339 4257 1454 4373 aqud.
1496 4262 1609 4342 Nam
1626 4257 1651 4340 sr
1663 4255 1755 4370 pal-

377 4369 490 4457 mula
516 4377 545 4453 B
571 4375 737 4454 immota
751 4400 962 4472 maneret,
985 4385 1027 4464 dt
1040 4371 1213 4460 ¹sealmus
1229 4369 1326 4458 elset
1341 4373 1465 4471 inc,
1480 4402 1615 4459 motus
1631 4377 1755 4456 remi·

380 4491 443 4604 gis
467 4489 558 4568 AD
583 4488 814 4570 admotum
836 4489 949 4573 navis
975 4492 1057 4575 CE
1088 4485 1184 4574 ellet
1207 4517 1252 4573 ut
1273 4493 1356 4576 AB
1379 4491 1550 4576 aden.
1597 4495 1754 4577 Contra

367 4596 530 4689 'neriafi
557 4629 662 4716 aqua
681 4601 787 4690 nihil
801 4601 969 4726 ⁸prorsus
996 4606 1202 4692 obsisteret
1224 4635 1335 4698 remo
1365 4608 1509 4706 (ficuti
1531 4610 1749 4718 contingo-

456 4763 463 4770 ·
1670 4749 1745 4822 ret,

1554 4875 1568 4918 Ι
