3918 5262
908 1 1029 68 sl

456 211 829 370 &baptimi
860 220 1077 336 cnrur
1102 231 1243 338 XII.
1459 267 1573 377 7535·
1674 259 1677 266 ·

158 378 325 472 altrum
337 372 627 464 difficultatum
644 375 883 492 solutionem
896 410 984 466 *non
996 381 1128 484 vfacile
1146 384 1407 475 advoca-odiu
1421 389 1472 476 stt
1489 399 1554 480 iu.

162 493 490 610 Philosophicam
508 491 667 578 scenam
684 491 984 606 magnetismust
1532 584 1534 587 .
1589 589 1591 594 ,

176 679 181 684 .
214 609 322 704 Illud
343 615 479 724 'potius
499 606 567 694 hic
583 611 878 698 attendendum
899 613 1082 716 videtur,
1102 615 1215 731 quod
1228 623 1380 704 montis
1393 623 1551 710 altitu..

157 727 235 822 do,
252 753 378 838 atque
393 725 636 836 magnitudo
648 723 700 812 ad
712 735 836 811 totius
848 726 1001 814 telluris
1017 731 1168 816 molem
1177 727 1398 820 Rationem
1411 741 1553 827 habeo

160 839 248 934 saris
260 845 464 951 exiguam.
487 842 597 927 Cum
614 845 725 925 enim
738 869 853 926 terrae
864 842 1040 934 ambitus
1056 845 1319 962 probabiliter
1329 850 1536 956 statuatur,

49 1033 57 1050 ,
157 953 552 1054 transsumam,
582 955 812 1044 milliarium
843 959 963 1042 Rom.
993 969 1120 1076 antiq.
1152 973 1333 1074 30598,
1369 967 1537 1086 ejusque
1588 997 1592 1004 ’

157 1097 371 1186 propterea
386 1070 583 1157 diameter
601 1071 649 1154 fit
669 1070 855 1187 proxime
871 1072 970 1158 mill.
993 1087 1105 1186 9738
1121 1082 1177 1196 ᾗ,
1202 1079 1555 1197 totasuperficie'e

161 1210 351 1324 sphaerica
368 1215 442 1308 (ut
463 1235 558 1325 pote
581 1207 804 1325 quadrupla
830 1215 997 1297 maximi
1023 1207 1170 1298 circuli·
1184 1236 1236 1292 ex
1253 1208 1536 1294 demonstratis

157 1327 209 1411 ab
228 1325 504 1420 Archimede)
524 1323 583 1407 est
600 1322 697 1407 mill.
716 1326 1006 1439 quadratorum
1028 1359 1122 1437 297.
1143 1332 1318 1430 987800
1337 1325 1534 1438 proximet

159 1441 286 1524 Mons
317 1437 511 1524 statuatur
537 1439 761 1522 altitudinis
788 1440 1132 1556 perpendicularis
1155 1437 1536 1556 milllariumquin-

161 1557 373 1668 qucthaec
401 1553 462 1638 est
495 1551 790 1640 adterrestrem
813 1556 1058 1641 diametrum
1076 1583 1122 1640 ut
1156 1583 1170 1636 1
1201 1554 1254 1638 ud
1276 1585 1382 1663 1947
1405 1591 1415 1636 r
1436 1555 1547 1640 basis
1631 1627 1635 1637 .
1673 1581 1677 1592 ’

159 1675 311 1754 montis
323 1696 499 1784 occupet
514 1667 697 1756 milliaria
714 1669 908 1784 quadrata
926 1701 1031 1779 500³
1052 1673 1140 1756 haec
1156 1667 1216 1751 est
1234 1668 1286 1751 ad
1304 1665 1544 1782 sphaericam·
1576 1719 1582 1730 .

48 1879 53 1886 ,
159 1789 285 1868 totius
303 1783 416 1899 globi
434 1782 795 1900 superficiem,ut1
817 1785 869 1870 ad
888 1817 940 1893 59
948 1817 1027 1895 597
1037 1819 1071 1895 5.
1105 1787 1325 1896 Fingejam
1337 1813 1537 1898 promon-
1557 1841 1558 1846 Ν

159 1925 199 1984 te
213 1926 390 2010 granum
408 1901 575 2019 hordei,
601 1897 712 2012 quod
720 1903 960 2100 ⁴promineat
980 1897 1203 1985 stcunditm
1220 1895 1534 1984 luam-latitudi-

27 2119 28 2122 Ν
161 2041 255 2098 nem
274 2043 329 2099 ex
354 2012 505 2126 spheri
525 2012 720 2098 habente
754 2018 965 2098 iamettum
987 2035 1205 2127 granorum
1225 2044 1356 2122 1947,
1376 2015 1460 2099 hoc·
1477 2015 1558 2102 estl
1692 2075 1699 2090 ·

159 2123 344 2242 pall'uum
365 2132 705 2242 geometricorum
723 2125 789 2213 sex
806 2187 818 2227 ,
838 2124 906 2212 stu
921 2127 1072 2244 pedum
1090 2133 1210 2214 Rom.
1225 2133 1351 2242 antiq.
1367 2159 1431 2235 30.
1455 2135 1535 2216 cir-

159 2243 241 2328 culi
256 2248 426 2326 maximi
442 2243 617 2328 ambitus
631 2246 708 2326 erit
719 2243 872 2356 pedum
887 2249 997 2362 94÷²
1016 2275 1142 2362 qnare
1161 2246 1283 2358 hujus
1302 2241 1552 2358 sph'aetaesu·-
1594 2315 1597 2330 .

159 2377 349 2489 perficies
366 2375 491 2460 habet
509 2375 633 2490 pedes
657 2375 872 2488 quadratos
893 2360 1001 2480 2827
1016 2433 1028 2470 ,
1046 2369 1127 2457 hoc
1143 2369 1204 2459 est
1215 2373 1426 2484 quadratas
1442 2372 1536 2457 lati·-

161 2491 326 2576 tudines
345 2495 461 2602 grani
481 2490 626 2574 hordei
643 2483 768 2604 paulb
785 2487 921 2604 plures
943 2482 1068 2602 quim
1091 2515 1154 2570 11.¹
1178 2515 1361 2599 579000.
1405 2491 1538 2600 Igitur
1699 2507 1706 2522 '

159 2609 275 2716 grani
308 2605 455 2691 hordei
479 2607 651 2718 jacentis
674 2602 851 2710 altitudo
877 2603 929 2690 ad
954 2605 1079 2718 hujus
1108 2597 1268 2717 spbaerae
1289 2601 1540 2692 diametrum

161 2722 335 2805 eandem
352 2749 404 2807 ex
422 2719 637 2918 hypothesr
662 2718 787 2803 habet
806 2723 1029 2816 rationem,
1048 2746 1172 2832 quarn
1191 2718 1369 2832 praeditri
1384 2725 1539 2805 montis

158 2835 335 2921 altitudo
348 2837 400 2919 ad
422 2833 476 2918 tel
494 2837 573 2918 uris
583 2833 824 2920 diametrum
841 2843 913 2920 2‘&
929 2832 957 2915 fi
971 2834 1116 2920 decem
1128 2859 1254 2944 grana
1271 2829 1343 2922 srbi
1358 2835 1535 2922 Invicem

160 2955 319 3063 attigua
337 2947 619 3064 disponantur,
639 2975 684 3032 ut
708 2953 858 3032 montis
878 2947 1000 3033 basim
1019 2945 1280 3044 aemulentur,
1294 2947 1535 3037 eademerit

162 3071 265 3148 ratio
282 3065 337 3150 ad
358 3062 622 3178 superficiem
656 3067 855 3181 Qamvis
875 3067 1012 3177 itaque
1033 3059 1183 3175 lphaera
1201 3059 1268 3144 illa
1285 3059 1536 3176 intelligatur

161 3178 283 3292 plane
306 3183 440 3263 inanis
458 3188 515 3263 ¹ac
535 3177 724 3262 leviffima
751 3176 872 3262 lolam
900 3177 1055 3261 habens
1084 3173 1344 3290 superficiem·
1362 3205 1533 3292 papyra-

165 3323 299 3392 ceam,
315 3323 367 3378 ex
385 3323 465 3410 qua
483 3319 655 3407 granum
672 3291 784 3378 ordei
802 3291 1101 3408 agglutinatum
1121 3296 1368 3405 promineat,
1386 3303 1440 3376 an
1457 3311 1535 3410 pn-

164 3406 261 3516 tasd
272 3405 373 3493 flatu
390 3411 649 3524 quantumvis
663 3406 798 3494 valido
809 3437 881 3523 pet
894 3405 1067 3492 fistulam
1084 3400 1222 3488 emill'o
1236 3409 1282 3490 in
1294 3435 1466 3518 granum
1480 3405 1532 3494 il-

163 3521 237 3610 lud
261 3525 408 3609 hordei
432 3529 665 3608 incurrente
689 3523 1012 3609 convertendum
1047 3515 1126 3628 elle
1160 3519 1329 3632 globum
1362 3551 1534 3638 papyra.

163 3670 285 3723 ccum
302 3663 316 3723 2
335 3639 383 3725 Id
406 3634 500 3723 sane
524 3647 576 3724 ex'
602 3643 755 3722 caeteris
778 3640 1064 3752 experimentis
1088 3639 1290 3750 conjicere
1313 3667 1398 3720 non
1415 3639 1533 3738 licet,

165 3755 333 3869 perinde
356 3757 468 3838 enim
485 3751 545 3837 'est
566 3753 740 3869 atquesr
766 3751 871 3838 nihiI
883 3755 1129 3868 promineret
1148 3785 1161 3846 5
1182 3780 1315 3866 neque
1332 3751 1396 3837 vel
1413 3759 1533 3838 mini.

166 3869 278 3956 mitm
294 3868 411 3954 obest
426 3868 606 3983 Phyficae
629 3869 879 3955 rotunditati.
916 3873 1055 3981 Quart
1076 3895 1210 3984 neque
1227 3871 1375 3956 montis
1397 3867 1536 3952 altitu·
1573 3933 1577 3940 .

164 3987 218 4070 do
236 3984 456 4090 constituta
471 3987 692 4100 quicquam
705 3985 894 4070 detrahet
905 3979 1138 4068 orbicularis
1155 3983 1316 4095 figurae,
1334 3983 1447 4098 quod
1461 3981 1545 4072 subv

166 4101 378 4211 Physicam
395 4100 756 4185 confidtrationem
774 4101 913 4196 cadatt
926 4129 973 4185 ac
983 4100 1194 4214 proptered
1207 4097 1311 4184 nihil
1323 4098 1470 4186 virium
1480 4099 1533 4188 ad
1550 4133 1554 4140 ’

166 4215 351 4300 tellurem
364 4215 681 4304 convertendam
693 4215 852 4300 obtinet
861 4217 1060 4302 ventusin
1070 4245 1252 4300 montem
1270 4217 1490 4303 incurrens,
1628 4279 1630 4286 .

223 4335 276 4414 Et
287 4332 456 4445 quidem
471 4331 776 4430 conversionem
795 4331 903 4416 hanc
918 4337 988 4417 rei
1020 4331 1061 4415 sa
1074 4361 1157 4422 non
1174 4329 1535 4421 herimanifestum

167 4445 245 4540 ests
262 4447 289 4530 fi
304 4447 472 4562 quidem
486 4473 580 4541 cum
591 4439 925 4536 ¹nullat‘rinceuda
945 4359 1043 4532 ellit
1058 4451 1251 4557 gravitas,
1270 4475 1359 4561 quae
1373 4443 1536 4560 longiits

171 4559 192 4646 i
211 4591 356 4645 centro
370 4567 555 4674 gravium
579 4563 808 4660 recederet,
823 4560 887 4648 vel
903 4591 993 4678 qua
1016 4593 1134 4648 axem
1155 4563 1327 4659 tereret,
1345 4561 1537 4652 facillima
1575 4635 1580 4644 .

168 4679 371 4776 videretur
385 4673 465 4764 effe
478 4675 590 4792 globi
602 4683 726 4769 totius
737 4677 945 4765 conversio
961 4683 1069 4763 circa
1083 4705 1293 4859 centrltgm,
1311 4707 1395 4764 non
1408 4678 1535 4769 solum

1272 4813 1302 4858 ὦ
