3708 5274
390 203 493 352 698
775 280 780 288 .
876 189 1295 305 Methanicomm

341 357 346 370 ¹
429 354 571 462 'Porrd
590 351 684 444 citur
698 354 806 441 circa
821 353 1049 466 juncturam
1065 353 1219 460 brachii
1240 379 1334 440 cum
1346 349 1520 441 humero
1535 417 1548 455 ,
1566 383 1742 472 tanquam

384 481 493 570 c'irca
511 479 705 564 ‘centrum
723 535 733 570 ‚
755 469 1001 558 describatur
1025 467 1299 555 semicirculus
1317 468 1569 560 descendens
1586 535 1600 570 ‚
1618 474 1664 558 in
1678 505 1742 589 quo

382 596 477 686 sunt
489 595 572 680 duo
584 589 838 704 Qudrantea
850 647 861 682 ,
875 585 978 668 alter
991 581 1086 670 citur
1104 585 1318 669 brachium
1330 583 1698 673 sttmrnieelcvatum
1709 597 1743 674 in

384 705 677 832 perpendiculo
695 702 869 788 existens
882 695 1111 797 descendit,
1128 729 1175 783 ut
1191 699 1263 782 fiat
1284 699 1488 786 horizonti
1512 703 1743 818 parallelum,

384 825 554 914 alterium
568 817 781 910 brachium
797 813 819 900 i
835 817 1031 931 positione
1046 817 1249 930 horizonti
1265 817 1450 930 paralleli
1469 819 1522 903 ad
1539 823 1668 904 imum
1681 823 1742 905 de·

382 945 596 1061 primitur,
611 963 656 1022 ut
669 933 817 1020 iterum
829 937 871 1014 in
887 929 1178 1048 perpendiculo
1191 928 1406 1026 statuarum
1423 931 1599 1019 dubitari
1617 935 1743 1050 potest,

383 1089 439 1146 an
450 1053 583 1142 mallei
598 1054 696 1138 idus
704 1051 819 1164 juxta
829 1049 928 1132 duas
942 1043 1060 1132 hasce
1075 1041 1295 1158 pusrtiones
1307 1048 1382 1131 srrrt
1394 1046 1744 1167 omninoaequaiest

381 1195 438 1262 atu
449 1165 549 1258 verb
565 1165 803 1282 inequalem
820 1172 861 1249 ὅ(
875 1163 1237 1276 hocquidemnon
1249 1191 1300 1247 ex
1312 1168 1351 1246 vi
1368 1165 1748 1280 impulfiou'rsextet-

379 1319 471 1387 nrt,
487 1315 611 1404 quam
625 1277 863 1398 aequabilem
877 1283 1090 1393 ponimus,
1104 1276 1271 1363 homine
1286 1280 1493 1394 equaliter
1508 1287 1751 1382 connitentc,

376 1402 557 1492 ,brachio
570 1397 780 1516 aequaliter
788 1421 979 1491 extento,
997 1403 1038 1479 &
1054 1387 1148 1478 dati
1160 1392 1304 1478 eidem
1321 1395 1519 1506 manubrii
1532 1397 1751 1509 longitudi-

385 1549 462 1616 ne,
475 1515 543 1606 sed
556 1521 709 1602 ratione
719 1509 840 1624 ipsius
849 1511 1061 1621 gravitatis
1073 1505 1204 1592 mallei
1220 1509 1454 1594 naturaiiter
1464 1510 1753 1598 descendentis.

386 1631 535 1727 Primis
548 1659 702 1727 motus,
723 1629 862 1746 quoin
875 1624 1029 1709 circ'tdo
1044 1622 1240 1710 'Verticali
1258 1625 1425 1740 malleus
1438 1627 1676 1741 deprimitur
1690 1626 1753 1716 us-

254 1749 260 1762 '
387 1751 531 1870 quead
540 1741 923 1865 planumhorizonti
932 1725 1178 1856 parallelum,
1191 1747 1237 1824 iu'
1252 1771 1334 1856 quo
1347 1743 1393 1826 fit
1409 1745 1611 1858 percuffio,
1622 1775 1753 1832 errem

386 1865 501 1986 pium
508 1862 687 1986 praebent
700 1858 787 1946 titur
799 1854 904 1943 fabri
915 1851 1276 1980 feriarijincude'm
1290 1859 1520 1962 tundentem
1532 1864 1618 1946 tium
1632 1861 1756 1973 ligna·
1842 1945 1843 1984 ,

295 1983 309 1992 “
386 1981 436 2098 rij
454 1981 588 2068 clavos
601 1969 790 2062 asseribus
809 1970 853 2058 in
871 1972 994 2088 piano
1011 1968 1257 2098 b'orizontaii
1283 1971 1512 2100 constitutis
1530 1976 1755 2089 infigentes.
1842 1987 1843 2016 ³

360 2095 621 2192 ·.Posterioris
635 2117 771 2178 autem
788 2087 945 2188 motin,
972 2117 1055 2201 quo
1075 2085 1265 2172 malicum
1282 2087 1498 2173 berizontr
1527 2093 1756 2206 parallelum
1842 2109 1843 2118 ‘

387 2208 515 2330 usque
530 2205 582 2294 ed
593 2209 878 2320 deprimimus,
893 2229 938 2287 ut
956 2202 1024 2312 fipt
1039 2203 1401 2316 perpendicularis,
1417 2202 1618 2318 specimen
1635 2209 1758 2294 habe·

388 2311 611 2424 mus,cum
630 2345 775 2428 corpus
789 2319 833 2404 in
849 2323 1082 2436 pavimento
1099 2321 1237 2427 jacens
1251 2381 1261 2418 ,
1276 2347 1440 2403 autnon
1454 2324 1594 2434 procui
1613 2323 1666 2408 ab
1680 2324 1758 2420 iilo,

388 2448 445 2530 ita
461 2442 730 2556 percutimur,
749 2465 794 2519 ut
810 2427 1036 2548 percussum
1048 2437 1471 2538 moveaturhorizonti
1488 2437 1575 2524 ferie
1593 2441 1759 2554 partile-

388 2556 475 2644 lum
495 2591 507 2652 5
531 2549 757 2664 eujusmodi
779 2544 901 2647 esset,
922 2551 1086 2663 quando
1103 2579 1279 2636 cuneum
1291 2550 1443 2666 jacenti
1457 2549 1547 2638 sarm
1569 2552 1762 2661 subjecte

391 2700 586 2759 conamur
599 2730 615 2768 ,.
631 2695 701 2752 aut
715 2663 894 2778 ligneum
911 2663 1034 2779 pilam
1046 2662 1231 2751 ludentes
1245 2665 1389 2750 malleo
1407 2675 1649 2756 excutimus,

446 2795 500 2880 Ut
513 2809 648 2873 autern
661 2779 843 2870 dilucide
854 2779 1053 2896 proposuca
1069 2779 1236 2897 quaestiu
1249 2807 1486 2896 exponatur,
1499 2781 1768 2872 secernendus

867 2938 870 2950 ·
1139 2895 1199 2981 cst
1209 2895 1342 2982 mallei
1354 2923 1489 2981 motus
1507 2901 1703 2986 naturalis
1715 2903 1764 2988 ab

1139 3039 1334 3126 capartc,
1354 3041 1475 3126 quam
1489 3041 1658 3122 externa
1684 3023 1762 3101 im-
1843 3025 1844 3050 ¹

1138 3127 1410 3243 pulfioadditr
1426 3139 1465 3215 ὅ(
1479 3134 1648 3243 perinde
1664 3163 1765 3216 con·

1140 3241 1770 3362 fiderandusestmalieus,atqnc

1038 3351 1043 3362 ’
1139 3358 1771 3471 srmunubrijextremitasaxiin·

1053 3525 1056 3530 ·
1140 3471 1220 3558 fixa
1232 3469 1444 3560 effercirca
1456 3476 1772 3577 eumversrtiiis,

1108 3589 1114 3600 ’
1138 3569 1246 3674 adeb
1264 3617 1308 3672 ut
1331 3588 1401 3676 srbi
1422 3589 1581 3676 relictus
1597 3593 1771 3677 malicus

1138 3731 1278 3788 arcum
1302 3703 1589 3792 descendendo
1611 3707 1770 3792 descri-

1139 3818 1266 3904 beret.
1312 3819 1371 3904 Sit
1399 3821 1566 3908 malleus
1586 3827 1669 3908 Au
1693 3860 1705 3920 ς
1729 3836 1775 3912 δι

1138 3935 1341 4046 manubrij
1380 3943 1612 4024 extremitas
1644 3943 1688 4024 A
1729 3942 1777 4024 fit

1139 4055 1245 4136 circa
1264 4081 1381 4138 axem
1410 4059 1456 4138 in
1486 4058 1523 4138 A
1550 4051 1778 4156 versatilisr
1843 4135 1844 4180 ἰ

1012 4259 1015 4266 .
1139 4189 1325 4255 centrum
1375 4197 1513 4254 autem
1558 4177 1780 4282 gravitatis

1016 4354 1019 4362 ,
1136 4281 1782 4402 malleiinteiligaturinssrquod

1016 4453 1021 4463 ·
1082 4439 1092 4465 1»
1138 4400 1376 4514 quandiuin
1388 4399 1692 4514 perpendiculo
1704 4403 1783 4486 im·

1136 4514 1265 4598 minet
1276 4514 1343 4602 axi
1354 4519 1551 4614 amram
1562 4513 1680 4602 suam
1691 4523 1781 4606 vim

1136 4627 1183 4716 in
1208 4627 1513 4721 illumssexercns
1540 4629 1782 4732 sustinetur,

1371 4783 1374 4790 ’
1700 4780 1778 4840 nec
