3834 5272
490 189 853 304 Libertertiur.
902 189 1312 304 CAPuTVllI.
1498 235 1590 338 305

206 359 292 446 cias
311 388 376 456 12,
393 358 472 444 bac
492 351 635 440 statera
649 355 880 438 exatninare
897 348 1034 449 libeat,
1052 356 1158 436 inter
1169 359 1365 466 punitum
1377 351 1511 468 primo
1524 387 1597 440 no-

209 503 341 560 tatum
363 502 488 588 atque
516 467 691 586 spartum
723 463 966 556 minusculas
994 466 1082 554 illas
1099 465 1317 582 divisissnes
1336 471 1596 570 transferunt,

205 593 448 704 incipiendo
465 587 516 672 ab
530 588 599 669 illo
616 588 777 700 pundo,
1249 600 1252 608 ⁴
1522 597 1525 604 '

267 707 384 818 Qid
396 735 533 798 autem
545 703 613 786 b‘ic
628 699 883 787 meminerim
898 707 1048 815 pundla
1069 701 1301 813 hujusmodi
1319 707 1456 792 omnia
1470 710 1515 794 in
1524 715 1594 822 ju-

206 821 252 938 gi
272 825 383 918 acie,
400 813 465 906 seu
481 818 634 931 angulo
650 815 775 903 solido
793 813 994 932 superiore
1012 825 1165 918 notari,
1191 825 1361 932 majores
1377 853 1512 909 autem
1530 829 1596 911 di-

207 939 385 1026 vifiones
411 935 530 1023 certis
544 933 662 1018 lineis
676 935 727 1016 ad
740 932 844 1032 latus
861 935 992 1018 dunis
1006 937 1250 1047 significari?
1271 935 1360 1022 hice
1374 944 1485 1022 enim
1503 942 1597 1026 vul.

205 1060 321 1168 garia
341 1051 443 1138 sunt.
490 1051 595 1146 Illud
615 1053 749 1164 potius
767 1052 1076 1150 notandumest,
1089 1055 1200 1166 quod
1222 1059 1264 1136 in
1278 1053 1358 1138 uni
1371 1053 1597 1172 eidemque

206 1167 356 1254 staterai
371 1173 497 1252 trium
523 1164 740 1277 regionum
766 1163 926 1250 stateras
945 1167 1095 1254 habere
1122 1164 1327 1284 polsumus
1344 1207 1353 1251 t
1372 1169 1468 1286 quia
1486 1179 1599 1260 enim
1654 1277 1655 1280 Ἴ

206 1286 364 1370 staterae
384 1281 521 1398 scapus
536 1281 809 1366 communiter
828 1283 1161 1395 quadrangularis
1175 1284 1259 1384 est,
1277 1297 1318 1382 δι
1333 1292 1375 1367 in
1396 1285 1598 1404 superiore
1622 1357 1624 1362 .

207 1401 366 1513 angulo
384 1400 506 1484 libras
521 1401 644 1512 hujus
661 1401 838 1512 regionis
851 1395 1283 1514 insculpfitsartifexnn
1300 1402 1460 1488 duobus
1471 1434 1599 1518 angu-

205 1519 260 1604 lis
272 1521 398 1614 hinc,
417 1525 458 1600 &
476 1515 573 1598 binc
594 1511 715 1600 libras
734 1511 892 1598 duabus
915 1515 1172 1626 regionibu3‚
1192 1547 1287 1600 cum
1312 1518 1461 1632 quibus
1487 1551 1597 1606 com-

208 1637 364 1720 mercia
381 1629 623 1728 miscentur,
642 1625 864 1743 peculiares
880 1627 1097 1714 inscribere
1111 1630 1252 1716 licebit
1278 1638 1399 1728 (nam
1418 1639 1598 1748 pondera

205 1747 330 1834 simili
351 1752 518 1832 nomine
541 1751 586 1830 in
601 1743 784 1859 pluribus
808 1745 1043 1858 regionibus
1056 1749 1204 1832 donata
1218 1811 1228 1846 ,
1242 1779 1324 1830 non
1340 1723 1419 1832 elle
1433 1756 1541 1834 inter
1559 1749 1597 1836 se

206 1862 381 1982 aequalia
408 1864 605 1948 docemur
648 1857 923 1976 experientiis,
950 1893 1037 1976 quae
1058 1861 1178 1948 libras
1204 1863 1485 1961 Parifieusem,
1505 1869 1594 1950 Ro-

205 2011 398 2088 manum,
415 1972 619 2066 Venetam
641 1975 859 2089 inaequales
878 1972 955 2062 elle
969 1979 1170 2074 ostendit)
1198 1991 1239 2064 δέ
1258 1983 1503 2095 aequipondij
1520 2011 1595 2064 an-

207 2093 333 2183 nulus
350 2093 433 2179 uni
446 2092 669 2208 eidemque
686 2091 807 2207 operi
821 2097 865 2176 in
880 2091 1007 2178 tribus
1023 2095 1181 2206 angulis
1197 2093 1443 2180 diversarum
1464 2096 1599 2209 regio-

208 2243 317 2298 num
332 2212 491 2327 pondus
504 2206 685 2324 ejusdem
697 2213 841 2292 mercis
857 2209 1066 2294 indicabit.
1615 2217 1624 2228 “

272 2327 358 2411 ch
372 2323 472 2411 verb
489 2321 685 2410 curiosius
700 2323 938 2437 inquirenti,
952 2325 1252 2439 praestantiorne
1269 2327 1447 2412 dicenda
1463 2329 1509 2412 fit
1523 2328 1602 2454 sta:

208 2467 324 2550 teraa
341 2473 394 2526 an
408 2441 535 2527 libra?
552 2447 620 2526 vix
635 2443 792 2556 poterit
802 2437 1015 2556 quisquam
1032 2441 1213 2528 absoluti:
1231 2440 1468 2556 respondere
1484 2477 1600 2550 :pam

206 2558 441 2644 minoribus
458 2559 728 2674 ponderibus,
751 2585 794 2642 ut
814 2557 1011 2672 gemmis,
1028 2560 1159 2643 aureis
1176 2563 1372 2656 monetis,
1395 2569 1435 2644 &
1459 2559 1600 2644 simili-

209 2677 291 2762 bus
310 2675 588 2760 examinandis
604 2670 746 2785 parirm
764 2703 994 2789 opportuna
1016 2675 1075 2757 est
1106 2675 1271 2770 statera5
1297 2701 1338 2756 at
1362 2677 1600 2786 ingentibus

210 2787 409 2877 oneribus
427 2791 515 2876 hac
534 2789 726 2905 aprillima
738 2789 818 2887 est,
835 2787 936 2874 libra
946 2819 1083 2876 autem
1099 2791 1368 2876 incommoda.
1391 2794 1600 2907 Compen-

210 2911 332 2994 dium
349 2907 474 2992 habet
489 2905 633 2990 statera
648 2903 773 2990 unico
783 2901 979 2991 sacomate
995 2935 1186 2990 contenta
1195 2942 1206 3000 ι
1218 2903 1400 3020 pluribus
1410 2905 1599 3020 ponderi·

209 3025 292 3111 bus
305 3051 399 3136 eget
417 3022 530 3107 libra.
578 3019 760 3106 Viciffim
774 3026 817 3104 in
831 3019 932 3106 libri
943 3021 1120 3106 securibs
1138 3023 1311 3106 artifices
1325 3019 1502 3105 laborem
1515 3021 1596 3108 im-

209 3143 427 3257 pendunt,
448 3138 543 3252 quia
566 3136 723 3223 facilius
745 3137 1015 3252 aequalitatem
1038 3131 1299 3250 allequuntur
1325 3135 1597 3237 brachiorum,

207 3251 341 3372 quim
362 3257 664 3370 proportionem
679 3252 785 3358 justo
806 3253 1030 3368 aequilibrio
1056 3249 1337 3346 necessariam
1367 3261 1408 3336 ὃ(
1431 3255 1472 3334 in
1494 3253 1600 3340 libra

211 3373 383 3488 quidem
401 3367 714 3482 inequalitatem
733 3367 950 3481 perfedlam
969 3366 1087 3452 semel
1112 3367 1310 3467 statuant,
1333 3367 1389 3450 nil
1405 3365 1465 3450 est
1482 3399 1597 3485 quae-

211 3483 593 3600 rendumamplilts5
608 3482 728 3569 sedin
741 3483 884 3570 statera
898 3483 1051 3596 singula
1064 3485 1308 3568 divifionum
1318 3486 1468 3598 ponda
1488 3493 1598 3570 luam

208 3602 371 3689 habent
382 3597 826 3714 Rationemmmque
840 3601 1063 3713 exposcunt
1073 3597 1350 3712 diligentiamr
1361 3605 1403 3681 in
1415 3599 1596 3713 pluribus

125 3815 130 3830 ¹
211 3711 319 3806 verb
337 3719 559 3832 aliquando
574 3744 742 3830 peccare
757 3714 975 3828 proclivius
995 3713 1212 3828 est,quim
1227 3719 1267 3800 in
1281 3745 1376 3800 uno.
1421 3710 1596 3834 desr

209 3833 330 3921 librae
346 3831 523 3948 perfesta
543 3829 749 3945 equalitas
774 3829 904 3925 defit,
930 3828 1067 3916 saltem
1095 3831 1274 3916 lancium
1298 3843 1340 3918 &
1368 3835 1596 3944 ponderum

210 3951 558 4046 commutatione,
578 3975 624 4030 ut
645 3942 825 4060 superius
850 3951 1082 4030 monuimus
1098 3977 1113 4044 ,·
1124 3947 1446 4061 deprehenditur
1460 3973 1592 4039 error,

208 4094 258 4152 at
276 4062 408 4152 finlsa
425 4064 473 4146 fit
485 4059 649 4158 statera,
665 4091 750 4146 non
761 4059 1124 4162 aliterinnoteseet,
1140 4059 1262 4177 quim
1274 4065 1299 4147 sr
1312 4061 1470 4178 pondus
1483 4059 1596 4147 idem

212 4178 362 4266 iterum
387 4173 486 4265 libri
505 4181 780 4264 examinemus
793 4239 806 4276 ,
818 4207 865 4262 ut
887 4175 1098 4292 appareat,
1115 4178 1256 4264 annui
1276 4175 1433 4275 constet
1452 4179 1596 4266 eadem

167 4373 174 4383 .
211 4301 412 4411 gravitas:
433 4299 525 4408 quis
539 4299 650 4379 enim
671 4295 788 4380 aliter
813 4297 946 4409 iniqui
960 4291 1183 4380 venditoris
1207 4292 1468 4410 imposturam
1487 4319 1594 4378 rete-

212 4441 308 4524 gat,
328 4414 422 4526 qui,
446 4417 493 4494 ut
504 4411 630 4517 major
643 4437 831 4524 appareat
854 4416 997 4496 mercis
1024 4409 1222 4523 gravitas,
1241 4439 1291 4493 ex
1316 4410 1598 4524 aequipondio,

209 4554 284 4614 aut
309 4558 361 4612 ex
382 4531 514 4638 capite
537 4525 731 4638 longiorIs
757 4525 937 4641 brachij,
958 4528 1067 4639 quast
1092 4523 1258 4610 nitidius
1282 4519 1348 4610 illa
1371 4526 1595 4638 expoliem,

207 4639 438 4740 notabilem
451 4639 626 4774 aliquam
642 4641 848 4752 gravitatis
862 4642 1101 4759 particulam
1118 4641 1214 4726 uma
1227 4641 1399 4727 abrasit?
1421 4671 1517 4730 cum
1534 4669 1597 4750 taff

1235 4761 1320 4877 Qr
