3780 5270
376 211 380 218 '
484 178 842 334 Libersexuae.
872 187 1101 306 'Cll’u'f
1135 198 1173 307 Ι.
1407 209 1506 350 581

131 342 262 463 igitur
280 345 475 482 {potentia
499 346 536 430 L
568 344 847 548 accedeffihul
880 351 931 550 Bd
948 345 1069 550 semel
1090 353 1291 480 percurrit
1316 359 1510 510 interval.

131 455 474 692 lffilull
499 485 707 664 bill
744 491 867 664 nui
913 469 1510 702 siluimclffiullniiiissil
1592 683 1597 694 ,

130 726 241 782 nexo
271 693 317 780 in
339 693 379 786 G
404 729 414 775 ε
440 689 561 806 triplo
588 695 716 805 igitur
747 689 927 796 velotiiu
956 723 1144 794 movetur
1169 705 1358 796 Potentia
1383 713 1508 830 quim

129 812 319 1014 Pellimssili
345 861 516 1014 omnino
545 928 703 1014 ratione
727 955 784 1014 ac·
802 927 856 1016 de
886 927 1102 1016 Trochleis
1135 929 1379 1050 limplicibus
1398 917 1503 1138 ¹phi..

127 1041 415 1158 losophamur,
445 1047 568 1128 etiarn
595 1047 840 1130 ratiocinari
857 1069 1018 1158 oportet
1054 1050 1099 1130 in
1124 1047 1339 1145 Trochleis
1369 1083 1398 1167 p

1414 1085 1505 1146 ure!
1611 1095 1616 1110 '

125 1157 331 1246 orbiculos
353 1157 599 1258 habentibus
628 1192 641 1252 ς
667 1157 694 1242 li
724 1163 837 1244 enim
867 1159 1031 1272 singula:
1060 1159 1168 1248 duos
1190 1163 1369 1254 habeant
1389 1171 1522 1258 orbi··
1671 1242 1679 1266 ,
1709 1231 1712 1238 ,

125 1275 275 1373 culos,
309 1273 606 1362 attendendum
643 1271 704 1360 est
731 1333 744 1372 ,
771 1303 826 1358 an
853 1274 963 1360 funis
996 1282 1226 1366 extremitas
1264 1284 1503 1374 adnectatur
1655 1281 1703 1308 '''

125 1389 343 1478 Trocbleae
372 1394 575 1488 immota,
596 1417 651 1474 an
681 1386 782 1475 verb
809 1389 986 1474 mobili:
1015 1392 1045 1474 fi
1071 1396 1283 1496 immotae,
1316 1408 1501 1514 potentia

123 1535 313 1596 movetur
340 1502 567 1636 quadruplo
596 1501 778 1590 velocius
805 1501 930 1618 quim
946 1507 1106 1619 pondus
1123 1543 1136 1602 ς
1162 1509 1222 1607 sm
1243 1539 1380 1600 autem
1401 1547 1496 1604 mo..

124 1622 229 1721 ΜΗ,
255 1648 442 1720 movetur
468 1619 685 1735 qumtuplo
707 1619 899 1708 velocius.
944 1621 1183 1710 Generatim
1207 1630 1333 1740 igitur
1353 1662 1499 1721 nume·
1632 1659 1634 1667 “

120 1769 168 1824 ra
193 1735 396 1826 orbiculos
422 1734 612 1823 trochleae
637 1735 826 1833 mobilis,
851 1739 920 1822 cui
941 1735 1094 1820 scilicet
1116 1741 1303 1852 jungitur
1321 1750 1494 1859 pondm,

120 1865 165 1942 δι
189 1881 263 1968 pro
283 1849 455 1965 singulis,
466 1847 657 1936 orbiculis
676 1849 839 1965 duplica
856 1851 1048 1964 potentia
1069 1882 1288 1942 momenta.
1333 1861 1494 1950 Hincst
1530 1923 1532 1937 ·

120 1999 201 2066 tres
219 1968 373 2056 fuerint
390 1965 592 2063 orbiculi,
616 1993 869 2052 momentum
889 1971 1084 2054 Potentiae
1105 1967 1165 2054 est
1178 1968 1442 2089 tsextuplums
1462 1980 1492 2064 st

119 2110 323 2201 quatuor,
348 2081 583 2197 omuplums
604 2093 651 2169 ’δι
674 2081 726 2166 stt
745 2083 949 2197 deinceps
993 2087 1052 2170 At
1073 2083 1101 2166 fi
1124 2083 1260 2170 eidem
1278 2091 1501 2202 Trocbleae

116 2198 261 2288 mobili
284 2200 520 2286 adnectatur
547 2201 779 2284 extremitas
806 2196 944 2297 funis,
970 2199 1107 2285 adhuc
1138 2201 1243 2287 adde
1269 2207 1497 2312 unitatem,

116 2326 160 2404 δι
183 2335 438 2405 momentum
459 2309 536 2396 erit
555 2309 811 2428 septuplum,
831 2340 902 2398 aut
922 2310 1185 2426 noncuplum
1229 2318 1351 2406 Funis
1368 2322 1490 2438 fiqui.

114 2433 212 2526 dem
237 2435 308 2516 uni
336 2426 527 2514 trochleae
549 2427 733 2539 alligatus
763 2426 936 2541 primbm
972 2427 1116 2514 infime
1150 2425 1333 2518 orbiculo
1357 2444 1491 2549 primo

116 2548 280 2661 reliquae
308 2542 498 2628 trochlear
519 2577 530 2636 5
550 2545 647 2628 inde
674 2541 850 2628 fleuitur
871 2543 1173 2630 ad'orbiculum
1196 2553 1372 2658 primum
1396 2577 1483 2638 tro.

112 2662 242 2749 chleae
264 2660 375 2760 ,0cui
410 2661 672 2744 adnectitur:
703 2657 960 2772 postmodum
992 2660 1044 2746 ad
1071 2658 1292 2746 secundum
1319 2663 1486 2755 orbicu-

109 2779 201 2864 lum
231 2776 393 2862 alrerius
424 2774 615 2860 trochleae
650 2773 819 2871 transit,
846 2783 890 2860 δε
919 2775 1077 2858 rediens
1110 2775 1162 2860 ad
1192 2781 1366 2890 priorem
1393 2787 1483 2870 ‘tro-

108 2893 273 2980 chleam
286 2887 622 2976 infistitorbiculo
644 2889 732 2994 ejus
749 2885 954 2981 secundos
971 2915 1095 3003 atque
1113 2893 1169 2974 ita
1190 2894 1335 2980 deince
1366 2901 1484 2996 ml.

108 3037 298 3096 ternoex
318 3003 500 3092 trochletl
516 3009 560 3088 in
581 3002 806 3090 trochleam
819 2999 987 3090 excursu
1005 3065 1017 3104 ,
1038 3005 1171 3090 donec
1187 2923 1378 3096 orbiculis
1395 3045 1482 3100 om-

108 3126 231 3210 nibus
254 3120 417 3217 insistat.
461 3121 590 3240 Qud
614 3119 826 3208 fi-duabus
851 3117 1065 3206 Trochleis
1089 3150 1175 3204 non
1202 3123 1481 3243 inlitaequalis‘

105 3237 383 3326 orbiculorum
417 3265 640 3354 numerus,¹
673 3234 740 3322 sed
768 3234 893 3320 altera
919 3233 1088 3320 alteram
1117 3242 1272 3322 unitate
1304 3247 1480 3356 lupera,
1522 3336 1526 3344 ¹

104 3349 265 3442 necelse
283 3351 342 3437 est
366 3350 507 3436 funem
533 3351 688 3462 alligari
712 3350 902 3437 trochlear
927 3355 1166 3469 pauciorum
1191 3351 1478 3446 orbiculorum.

104 3477 248 3590 Quare
261 3467 531 3552 attendendus
547 3464 697 3581 pariter
711 3465 771 3552 est
786 3496 979 3552 numerus
996 3465 1271 3554 orbiculorum
1289 3473 1492 3560 trochlear.

100 3584 292 3682 mobilis,
319 3613 407 3697 quae
430 3582 687 3694 fipauciores
715 3580 864 3667 habeat
888 3580 1120 3679 orbiculos,
1149 3583 1291 3701 utique
1319 3585 1379 3671 illi
1397 3592 1474 3676 ad·
1525 3615 1528 3625 “

100 3699 279 3787 nectitur
302 3695 532 3782 extrenutas
554 3697 664 3782 funis
690 3730 704 3792 3
731 3723 855 3812 atque
879 3691 992 3783 adeb.
1011 3695 1220 3810 duplicato
1241 3703 1330 3804 eius
1361 3704 1475 3790 orbi-

97 3817 288 3904 culorum
307 3841 476 3898 numero
496 3811 682 3898 addenda
700 3812 761 3898 est
783 3816 944 3898 unitas:
973 3839 1044 3911 ut,
1069 3811 1098 3896 st
1122 3813 1225 3898 duos
1245 3817 1395 3904 habeat
1409 3849 1474 3904 or-

95 3932 286 4030 biculos,
310 3931 660 4030 motusPotentiae
679 3925 739 4012 est
760 3925 999 4043 quintuplus
1014 3925 1155 4012 'usurus
1172 3933 1377 4017 Ponderis.
1416 3939 1474 4022 At

94 4051 124 4134 fi
142 4045 327 4132 trochleo
341 4040 499 4128 mobilis
514 4040 650 4159 plures
664 4043 813 4129 habeat
830 4042 1033 4130 orbiculos
1046 4041 1171 4160 quim
1188 4047 1372 4132 trochlea
1388 4049 1471 4134 im-

90 4191 236 4260 mota,
257 4158 531 4274 duplicandus
557 4155 684 4246 solitm
707 4157 766 4248 est
792 4159 953 4244 illorum
976 4189 1257 4259 numerus,ut
1272 4163 1476 4276 habeatur
1521 4163 1535 4236 .‘
1610 4263 1624 4280 ,

88 4279 374 4368 denominatio
394 4278 590 4358 momenti
606 4310 619 4370 5
639 4303 707 4374 ut,
727 4276 850 4363 sttres
865 4273 1018 4362 fuerint
1032 4273 1231 4374 orbiculi,
1247 4307 1380 4366 motus
1391 4313 1472 4398 po·

87 4400 233 4486 tentiae
250 4393 302 4478 ad
315 4393 505 4504 ponderis
520 4418 677 4476 motum
689 4394 749 4477 est
763 4388 980 4508 sextuplus.

151 4517 206 4596 In
235 4505 467 4622 hujusmodi
493 4506 708 4592 Trochleis
737 4507 872 4623 plures
898 4505 1047 4592 rotulas
1065 4505 1311 4602 habentibus
1330 4511 1470 4600 obser-
1529 4577 1534 4584 -

83 4625 275 4714 vandum
295 4621 353 4726 est
369 4621 582 4722 interiores
599 4622 749 4728 rotulas
767 4629 945 4716 minores
971 4622 1114 4720 stami,
1135 4632 1353 4718 exteriores
1364 4626 1469 4743 verb
1525 4720 1532 4732 ,
1596 4747 1600 4756 1

967 4739 1155 4832 DDdd
1212 4775 1236 4851 3
