3794 5270
342 234 763 394 Liberstptimus.
805 230 1031 387 CAPuT
1058 235 1229 344 XIII.
1363 281 1477 386 757

53 421 168 506 lere
185 433 412 528 oporteat,
424 396 707 486 deliniendum
720 387 928 508 estpiimb
942 421 994 475 ex
1005 391 1134 492 motu,
1151 422 1275 508 quem
1286 398 1470 492 embolus

53 538 274 619 :levatus
287 549 409 638 atque
425 507 627 630 depreffus
642 508 805 626 perficit
825 542 838 601 3
861 509 979 616 cnjus
992 509 1125 592 motiia
1143 514 1338 598 medietas
1354 530 1466 606 atei.

53 647 239 734 nenda
254 640 335 726 est:
350 633 501 721 deinde
509 629 757 714 attendenda
771 622 832 710 est
841 622 1029 708 distantia
1045 623 1146 708 basts¹
1158 627 1328 739 cylindri
1341 626 1366 714 d
1383 635 1468 750 pla.

53 757 108 852 ἰο
128 755 325 851 circuli,
341 753 367 835 st
382 753 462 854 hoc
475 738 1249 851 constituereturhorizonti'parallelum
1265 778 1277 837 5
1293 747 1381 833 haec
1396 759 1468 838 v'e.·
1579 767 1582 775 ·

53 879 98 966 rb
123 876 346 964 distantia
363 864 550 951 addenda
570 859 630 943 est
652 855 788 941 semilli
812 851 944 940 motin
966 855 1146 953 emboli,
1166 863 1464 969 utinnotescat,

53 1019 291 1110 qnantum
302 989 485 1100 oporteat
500 977 796 1061 extremitatem
821 973 866 1056 Ο
888 971 1059 1084 deprimi
1076 971 1180 1056 infra
1196 973 1319 1060 basim
1335 983 1463 1092 cylin.
1551 1001 1562 1014 ⁸

53 1113 135 1196 iri.
194 1109 358 1217 Neque
371 1100 562 1208 cuiquam
577 1091 749 1174 dubium
760 1081 839 1170 elle
851 1084 1009 1200 potest,
1026 1114 1078 1168 an
1092 1084 1144 1168 fic
1167 1088 1399 1180 definienda
1415 1100 1463 1186 fit

53 1218 321 1338 hujusmodi
337 1201 805 1328 depreffioextremitatis
821 1205 887 1296 05
907 1201 1103 1315 siquidem
1116 1202 1311 1290 inclinato
1325 1215 1461 1299 circu.

53 1375 92 1425 ro
113 1365 300 1424 tantum
319 1324 551 1416 extremitas
572 1321 695 1405 altera
708 1321 894 1402 diametri
915 1313 1157 1430 deprimitur
1177 1320 1280 1405 infra
1295 1322 1461 1436 planum

53 1447 367 1546 horizontale,
388 1465 584 1560 quantum
604 1436 727 1520 altera
740 1431 964 1524 attolliturt
983 1433 1071 1515 haec
1094 1459 1231 1516 autem
1254 1438 1481 1552 duplicata·

53 1567 316 1660 differentia
332 1564 403 1646 dat
427 1550 658 1654 universum
680 1577 838 1634 motum
857 1545 1031 1642 emboli;
1049 1545 1175 1659 igitur
1191 1550 1314 1664 hujus
1325 1557 1458 1648 molis

53 1682 231 1774 semilIe
246 1679 440 1766 definitur
460 1668 601 1758 circuli
617 1663 809 1782 depreffio
825 1675 866 1750 bt
877 1659 1103 1748 Inclinatio
1130 1667 1240 1780 Qia
1255 1696 1389 1756 autem
1404 1677 1457 1762 ad

53 1803 304 1891 faciliorem
316 1819 496 1885 motum,
526 1779 613 1870 tirm
629 1813 683 1866 ne
699 1779 869 1891 cylindri
896 1780 1079 1865 etaliities
1093 1777 1214 1893 plano
1232 1779 1371 1872 circuli
1393 1797 1455 1876 in.

56 1919 230 2005 clinato
254 1935 471 2004 occurrat,
498 1900 585 1988 titm
610 1929 661 1983 ne
684 1899 789 1982 latus
813 1895 900 1980 ¹PO
929 1891 1126 1978 circulum
1139 1922 1278 2006 tangat
1294 1927 1453 2014 prater.
1536 1967 1541 1982 ,

60 2065 198 2151 quam
221 2031 478 2116 extremitate
501 2021 572 2112 O,
597 2017 649 2098 ad
673 2012 887 2117 vitandum
909 2013 1049 2094 tritum
1069 2039 1192 2122 atque
1215 2015 1452 2122 conflicium

64 2141 255 2267 pattiitm
276 2205 287 2241 ,
312 2139 466 2250 praestat
491 2131 720 2243 cylindrum
743 2153 826 2208 non
849 2125 1253 2237 proximeadhaerere
1273 2134 1452 2232 circulor

64 2291 288 2383 propterea
301 2256 489 2342 distantiat
501 2247 601 2334 basls
618 2237 827 2356 cylindria
845 2267 986 2354 ,centro
998 2237 1163 2348 subjetri
1181 2236 1320 2326 circuli
1340 2237 1455 2337 cornss

68 2381 258 2498 putanda
281 2373 351 2460 est.
500 2473 504 2480 ⁴
1172 2406 1173 2410 κ

104 2492 263 2584 'Portb
297 2489 489 2605 expedire
521 2482 817 2570 extremitatem
845 2475 886 2559 O
917 2475 1116 2558 munitam
1142 2469 1270 2560 ferrei
1299 2475 1449 2570 lamini

71 2639 309 2734 percurrere
340 2611 385 2689 in
408 2591 584 2719 lubjedto
613 2591 766 2692 circulo
800 2591 989 2674 laminam
1012 2587 1159 2702 pariter
1188 2587 1448 2684 ferream‘ex.

73 2731 223 2849 qnisrte
245 2723 445 2841 politam,
476 2745 558 2802 non
584 2743 685 2826 opus
706 2705 765 2820 est
790 2706 958 2789 monere
983 2742 993 2786 ε
1022 2699 1109 2787 satis
1130 2701 1281 2819 quippe
1311 2711 1446 2826 perse
1486 2731 1488 2738 ’

75 2875 197 2964 patet.
242 2841 348 2927 Illud
367 2835 594 2939 cavendum
614 2827 699 2925 est,
728 2850 773 2904 ut
791 2823 960 2906 modum
980 2815 1108 2903 serves
1132 2820 1176 2904 in
1200 2825 1270 2910 alae
1298 2830 1341 2918 N
1358 2831 1444 2914 ΟΡ
1481 2839 1486 2851 ’

75 2960 338 3078 amplitudIne
363 2987 374 3045 5
401 2948 542 3032 namsi
569 2945 686 3026 nimis
703 2941 852 3054 exigua
874 2937 952 3032 stt,
983 2921 1077 3048 padi
1124 2911 1335 3051 lildssliitt
1357 2973 1445 3028 mo.

76 3109 144 3164 vet
169 3141 179 3174 ‚
213 3079 307 3191 qnia
337 3067 456 3151 nimis
487 3061 606 3147 distat
621 3057 681 3141 'ab
705 3051 870 3138 hastulis
894 3049 1163 3136 embolorum'
1179 3056 1279 3138 :liin
1305 3085 1443 3145 antem

79 3225 191 3312 atquo
212 3187 378 3297 amplior
400 3181 551 3274 fuerit,
589 3173 682 3258 citm
707 3173 922 3252 maximam
944 3163 1172 3252 resistentiae
1195 3163 1348 3282 partem
1373 3175 1440 3259 illa

81 3311 287 3401 sustineat,
316 3299 419 3384 subit
439 3291 663 3409 perieulum
684 3287 912 3370 luxationis.
958 3279 1162 3366 Caetetirm
1181 3285 1262 3368 hoc
1289 3292 1439 3398 pende.
1469 3279 1471 3282 ’

81 3429 137 3513 bit
169 3455 215 3510 ex
248 3417 386 3504 circuli
419 3405 716 3523 amplitudine,
752 3397 867 3512 'cujus
910 3397 1153 3491 diametrum
1187 3401 1439 3488 constituen-

82 3541 179 3627 dam'
191 3533 262 3624 elle
295 3525 431 3616 habiti
451 3525 605 3607 ratione
630 3513 763 3600 motin
791 3513 953 3598 embolo
977 3511 1109 3594 antliae
1132 3523 1434 3601 communican-

82 3659 148 3758 di,
170 3683 280 3740 nemo
305 3655 463 3760 ignorat
486 3675 496 3733 5
519 3631 936 3756 quemadmodum&
966 3631 1011 3710 in
1037 3626 1203 3748 simplici
1232 3631 1356 3716 antlitl
1382 3664 1432 3719 ex

84 3779 155 3863 hoc
175 3771 307 3857 eodem
328 3741 907 3846 deliniturdistantiahastulae
931 3739 953 3825 ti
979 3769 1120 3825 centro
1138 3741 1284 3848 monis.
1315 3751 1430 3864 Qo·

85 3892 180 3977 niam
197 3891 307 3972 enim
318 3903 451 3964 motus
467 3870 534 3956 ille
554 3865 809 3981 deprellronis
836 3869 877 3946 ὅ(
901 3854 1137 3942 elevationis
1158 3859 1307 3943 emboli
1325 3894 1427 3948 con.

85 4011 232 4095 neditur
247 4029 340 4082 cum
364 4019 477 4079 motu
497 3985 682 4071 circulari
708 3977 987 4063 semidiametri
1008 3973 1179 4070 circuli,
1207 3978 1273 4057 cui
1291 3976 1427 4062 bastu-
1493 4005 1524 4060 'a

87 4127 127 4211 lae
150 4119 421 4214 ambiuntur,
443 4135 537 4190 eum
571 4099 748 4182 Radium
777 4090 932 4176 circulo
963 4089 1140 4174 tribuere
1164 4115 1350 4203 oportet,
1378 4119 1424 4184 ut

88 4269 184 4326 arcus
201 4234 243 4318 ab
263 4249 443 4315 extremo
465 4219 616 4335 punito
635 4209 854 4323 descriptus
875 4201 999 4322 quim
1020 4201 1235 4288 minimirm
1258 4203 1422 4294 differat

93 4341 352 4440 *alintirestit
379 4341 431 4423 stc
450 4341 559 4420 enim
579 4327 736 4416 faciliite
757 4351 944 4408 movetur
958 4317 1153 4405 embolus.
1199 4323 1345 4434 Qare'
1359 4355 1420 4408 ar-

92 4503 150 4556 tus
178 4459 353 4575 ejusmodi
386 4448 673 4540 describendus
707 4437 804 4538 est,
843 4465 889 4522 ut
914 4435 1021 4522 illius
1057 4433 1250 4520 medietas
1278 4441 1420 4526 Sinum

92 4563 239 4674 Versum
262 4575 436 4665 habeat,
460 4564 595 4681 quoad
624 4562 709 4646 fieri
745 4559 919 4662 poterit,
944 4553 1171 4635 minimum.
1215 4556 1419 4639 Ponamus
1458 4558 1462 4567 '

96 4693 282 4790 universum
314 4682 466 4780 emboli
495 4707 652 4768 motum
686 4667 767 4763 effe
798 4673 1010 4872 unciagngt
1036 4697 1090 4771 4,
1113 4671 1200 4778 ejus
1223 4663 1417 4760 Ietniffem

268 4835 275 4850 ¹
791 4865 799 4883 ,
877 4802 883 4824 ¹
1016 4811 1112 4866 ccc
1174 4811 1195 4890 3
