3834 5272
311 168 326 189 ⁰
430 173 435 181 ³
529 185 894 301 Libertertiur.
950 191 1290 308 CAPuTIX.
1479 151 1584 346 ¹311

207 346 317 438 aded
335 348 436 435 levis
457 350 529 444 iit,
549 347 809 436 manifestum
827 348 909 448 est,
930 350 1089 466 quanti)
1111 356 1200 469 plns
1216 363 1361 445 mercis
1383 390 1589 478 apponen-
1658 432 1662 440 .

206 469 310 554 dum
323 465 370 548 fit
382 529 393 566 ,
407 467 571 581 quando
585 466 760 582 spartum
774 463 943 552 dinedio
957 465 1106 554 secedit
1117 471 1418 562 versusiancenr
1436 487 1487 566 A.

270 585 411 702 Quare
441 609 552 696 patet
569 610 698 693 genus
719 581 801 670 hoc
817 581 993 680 staterae,
1016 613 1061 668 ut
1078 615 1175 699 pote
1220 589 1333 676 arum
1351 595 1586 716 utile,rej1’.

205 701 402 784 ciendum
416 728 523 795 ,nec
540 691 709 812 potuiss'e
721 702 915 814 Antiquis
929 699 1117 784 usitatum
1133 617 1236 800 end,
1252 711 1353 821 quin
1373 711 1492 798 facili:
1509 723 1584 802 de-

204 813 531 929 prehenderetur
543 814 744 898 erroribus
758 845 844 898 non
861 812 1019 898 levibus
1041 815 1264 904 obnoxium
1279 853 1303 922 3¹
1314 855 1407 908 curn
1421 831 1582 942 praefer.

204 933 283 1012 tim
296 913 515 1039 oblongtim
536 923 651 1013 fuiffe
664 928 820 1016 hastam
836 935 848 1025 (
862 961 945 1014 non
969 936 1109 1045 utique
1122 933 1380 1033 ieviffirnam)
1411 931 1582 1032 conimi-

200 1041 384 1132 niscatur
397 1045 628 1148 Biancanus
640 1107 651 1142 ‚
665 1056 707 1130 δι
720 1050 790 1160 qui
810 1076 905 1128 eum
917 1040 1066 1132 ducem
1083 1045 1240 1165 sequuti
1259 1051 1360 1138 sunt.
1392 1058 1492 1142 Non
1508 1094 1582 1148 ne·

200 1163 336 1278 gairim
349 1161 515 1274 quidem
529 1159 637 1276 poffe
657 1157 821 1276 dperito
839 1163 1129 1248 mathematico
1146 1195 1202 1250 tta
1213 1173 1306 1252 iniri
1319 1176 1517 1276 rationes,
1537 1209 1583 1263 nt

198 1284 324 1362 certis
335 1275 788 1392 merciumponderibns
801 1273 869 1360 sua
881 1283 1084 1392 prindain
1090 1284 1192 1394 jugo
1203 1282 1582 1386 inscriberentur‚in

198 1393 354 1509 quibus
371 1387 642 1506 aeqnilibrium
658 1393 772 1476 fieret
791 1422 886 1475 curn
906 1400 1008 1508 aeqni
1040 1397 1165 1481 ondio
1178 1429 1368 1485 manente
1384 1400 1429 1486 in
1444 1437 1579 1494 extre·
1622 1467 1627 1476 ·

197 1513 464 1624 mitatejugi:
479 1503 546 1592 sed
558 1507 672 1592 hunc
682 1507 863 1593 laborem
875 1422 1239 1628 subsidiantiquos
1251 1518 1579 1626 Mathematicos,

197 1653 251 1712 ut
271 1627 430 1720 stateras
447 1653 609 1708 carnem
632 1629 676 1708 in
700 1623 872 1710 macello
895 1625 1165 1713 vendentibus
1182 1659 1398 1744 pararent,
1423 1635 1578 1726 suaderi
1627 1725 1629 1736 A

82 1835 90 1853 ,
194 1773 289 1829 non
302 1740 454 1858 potest5
468 1738 691 1824 artificibus
704 1770 840 1826 antem
860 1769 1019 1825 tanturn
1032 1739 1147 1828 fuiffe
1162 1746 1392 1846 industria,
1413 1767 1593 1840 omnem¹

197 1859 327 1944 fidem
341 1853 509 1971 superat.
554 1858 615 1942 Ex
631 1858 694 1940 his
706 1857 809 1942 mihi
827 1859 1083 1964 certiffimunr
1101 1861 1261 1949 videtur
1280 1865 1398 1950 aliam
1418 1872 1577 1983 prorsus

190 1973 477 2081 adhibendam
498 1967 577 2057 effe
603 1969 869 2056 Aristotelicis
896 1973 1029 2058 verbis
1052 1977 1423 2093 interpretationem
1441 2021 1449 2065 :
1466 1990 1576 2072 Nam

190 2119 397 2208 ponamus
413 2087 596 2172 stateram
611 2087 741 2186 illam,
759 2089 811 2172 de
832 2083 911 2204 quai
925 2088 1160 2176 Aristoteles
1169 2092 1375 2210 loquitur,
1392 2097 1512 2213 plane
1528 2103 1575 2185 sr-

191 2206 338 2294 milem
356 2199 471 2290 suiffe
485 2204 628 2288 nostrae
642 2203 815 2302 staterae,
834 2203 926 2320 quis
944 2233 1069 2316 neget
1090 2235 1214 2292 unam
1226 2209 1369 2296 libram
1384 2213 1574 2302 brachio·
1627 2207 1637 2216 ⁸

189 2315 655 2436 ruminaequaliumeffe
677 2319 822 2404 multas
842 2319 987 2418 libras,
1010 2322 1093 2406 hoc
1115 2321 1201 2438 ipso
1221 2329 1333 2440 quod
1360 2335 1573 2448 aequipon-

189 2442 314 2528 dium
336 2443 381 2520 in
400 2435 537 2522 multis
553 2435 751 2520 distantiis
773 2433 985 2524 abeodem
1006 2442 1160 2552 pundo
1174 2447 1301 2549 varias
1314 2443 1573 2534 brachiorum

188 2553 394 2642 Rationes
413 2550 622 2636 constituit
638 2577 650 2636 r
669 2549 759 2636 sunt
782 2581 919 2638 autem
940 2551 1055 2668 plura
1084 2551 1230 2670 sparta,
1252 2565 1347 2674 quia
1373 2567 1572 2674 punctum

187 2674 306 2760 idem
321 2667 602 2754 disterminans
615 2667 781 2754 brachia
802 2674 929 2753 varias
946 2669 1142 2756 Rationes
1153 2671 1346 2758 habentia
1358 2677 1571 2790 aequivaiet

186 2787 357 2884 multis,
380 2795 421 2870 δι
435 2777 559 2900 quaim
576 2781 724 2868 'institas
739 2785 935 2869 Rationes
952 2785 1213 2872 brachiorum
1237 2791 1408 2876 definire
1426 2795 1570 2908 potest,

180 2897 280 2990 'tarn
296 2900 443 2988 multas
459 2897 812 2984 constituitlibras.
856 2900 1041 2986 Demitm
1058 2907 1242 3018 quamvis
1255 2905 1381 2990 lancis
1398 2903 1420 2992 d
1439 2907 1570 3024 sparto
1654 3006 1662 3023 ι

181 3023 337 3108 eadem
344 3013 602 3102 materialiter
614 3015 661 3098 fit
670 3013 881 3114 durantia,
898 3048 982 3102 non
995 3017 1056 3102 est
1074 3046 1210 3104 tamen
1224 3022 1367 3108 eadem
1386 3024 1566 3110 formali-

184 3167 282 3235 ter,
306 3163 440 3247 neque
457 3131 571 3216 enim
587 3129 760 3216 solitarie
778 3135 1018 3248 accipienda
1039 3133 1122 3232 est,
1139 3132 1206 3219 sed
1220 3139 1451 3254 comparate
1471 3173 1567 3230 cum

185 3253 383 3340 distantid
399 3248 645 3363 aequipondij
669 3242 856 3360 dspatt05
878 3279 927 3332 ac
942 3277 1153 3363 propterea
1173 3281 1267 3336 cum
1287 3257 1417 3364 major
1436 3263 1573 3372 arqui·-v

182 3369 330 3487 pondij
354 3363 542 3452 distantia
565 3364 617 3448 ad
631 3365 804 3448 eandem
819 3363 944 3448 lancis
963 3377 1006 3450 &
1025 3370 1158 3452 oneris
1179 3367 1411 3454 distantiam
1432 3379 1564 3489 majo-

182 3515 278 3571 rem
292 3479 837 3596 habeatRationem‚potest
849 3483 1065 3566 etiamdici
1077 3509 1177 3565 tunc
1198 3481 1372 3598 spartum
1383 3484 1462 3574 effe
1475 3489 1563 3575 lan-

181 3607 231 3688 ci
245 3613 286 3688 δι
297 3602 410 3684 oneri
424 3599 712 3711 propinquiuss
723 3595 856 3681 namsr
870 3593 1262 3714 inundaequipondij
1275 3599 1461 3689 distantid
1474 3604 1562 3690 bra·
1582 3629 1585 3636 '

177 3719 284 3804 chia
300 3716 389 3814 sint,
407 3742 453 3796 ut
474 3750 492 3797 2
512 3713 564 3797 ad
588 3745 625 3822 5,
645 3719 863 3798 &remoto
875 3712 1135 3827 aequipondio
1146 3717 1270 3800 Ratio
1281 3715 1562 3808 distantiarum

175 3833 235 3921 fit
246 3863 291 3918 ut
311 3869 330 3916 2
356 3830 409 3918 ad
422 3837 465 3928 6,
483 3855 595 3946 patet
608 3827 839 3942 comparate
864 3829 916 3914 ad
932 3829 1177 3944 aequipondij
1195 3833 1451 3932 distantiam,
1479 3831 1560 3922 effe

172 3956 389 4040 minorem
401 3951 534 4064 priore
564 3945 826 4060 posteriorem
851 3948 959 4031 hant
973 3947 1101 4032 lancis
1126 3941 1297 4062 dsparto
1314 3949 1558 4038 distantiam.

175 4065 295 4154 Ciam
307 4071 446 4180 itaque
462 4059 574 4146 nulla
585 4057 656 4148 hic
667 4063 893 4148 intercedat
909 4061 1087 4148 violenta
1104 4063 1453 4180 interpretatio,nil
1465 4094 1561 4182 pro·

174 4183 302 4273 hibet
312 4175 813 4268 existimareAristotelem
828 4181 882 4268 de
894 4177 1038 4267 staterd
1052 4177 1197 4266 nostris
1212 4209 1299 4266 non
1315 4180 1487 4268 dissimili
1495 4181 1557 4268 io·

171 4329 324 4390 cutum
341 4294 469 4390 fiaiffe.
1256 4325 1262 4344 ’
