3780 5270
389 201 488 340 508
586 261 592 280 ·
682 199 712 299 ,ἲ
776 229 780 237 ·
857 175 1310 292 Methanimrnm‘
1376 212 1383 232 ·

379 362 469 446 CB.
496 359 635 467 Quare
647 347 834 464 potentia
845 342 1143 430 Peritrochium
1154 341 1345 429 versantis
1358 331 1617 452 conatuum
1631 381 1753 440 cona·

378 503 467 558 tum
482 474 672 586 potentiae
687 464 769 548 fine
781 455 972 547 machind
988 456 1207 543 attollentis
1222 463 1382 575 pondus
1401 471 1429 548 P
1443 457 1542 572 ,epit
1557 471 1600 548 in
1610 471 1751 560 Ratio-

378 620 431 676 ne
461 593 539 675 CB
564 586 615 670 ad
643 583 753 672 Act
780 575 866 696 qud
887 605 997 661 emm
1020 579 1156 658 minor
1180 570 1404 664 secundltm
1428 582 1753 672 velbcit'atemest

376 733 509 796 motus
526 699 715 817 ponderis
731 723 983 810 comparatus
1008 721 1103 775 cum
1122 721 1236 776 motu
1252 701 1444 808 potentiae
1460 759 1471 795 ,
1487 727 1539 784 eo
1549 699 1682 784 minor
1695 699 1752 787 est

377 811 557 939 ejusdem
574 816 792 902 resistentia
804 847 815 906 3
828 813 1027 895 minorem
1043 834 1181 890 autem
1201 809 1462 896 resistentiam
1476 821 1610 900 minm
1629 845 1749 900 cona.

354 934 626 1050 -tustsitperat,
658 925 760 1042 Qae
781 933 836 1010 ita
852 955 902 1010 ex
915 923 1032 1008 diuis
1048 920 1134 1006 t'bm
1153 921 1352 1041 lib.2.cap.
1360 960 1394 1036 5.
1408 957 1494 1014 tum
1509 931 1748 1048 lib.4.cap.1.

377 1053 482 1138 clara
502 1049 614 1146 sunt,
629 1077 674 1132 ut
687 1045 849 1131 uberior
861 1039 1077 1154 explicatio
1096 1035 1389 1153 supervacanea
1404 1045 1604 1133 censenda
1614 1046 1673 1130 stt.

435 1167 550 1250 Hinc
564 1190 753 1280 apparet,
772 1157 871 1271 quid
888 1158 1002 1264 juvet
1026 1152 1144 1268 ipsrus
1165 1184 1261 1239 rotat
1280 1159 1484 1269 adjunctae
1499 1161 1751 1274 magnitudo,

375 1311 446 1372 aut
463 1282 680 1366 infixarum
704 1274 941 1388 scytalartnp
964 1269 1180 1380 longitudo
1203 1305 1215 1365 3
1242 1270 1329 1388 qud
1347 1278 1458 1360 enim
1478 1277 1604 1364 fuerit
1627 1287 1752 1394 major

302 1487 306 1494 ,
374 1401 572 1488 Potentia
590 1392 780 1480 distantia
799 1387 821 1474 d
845 1417 986 1474 centro
1001 1383 1163 1484 monis,
1186 1381 1240 1470 eb
1261 1387 1409 1503 pariter
1421 1398 1551 1510 major
1564 1399 1641 1480 erit
1658 1429 1751 1484 mos

376 1517 498 1602 vendi
512 1511 691 1598 facilitas.
712 1515 810 1620 Qto
823 1509 930 1588 circa
947 1501 975 1584 s1
992 1503 1127 1586 eidem
1141 1505 1394 1612 Peritrochio
1411 1508 1610 1622 placuerit
1622 1512 1747 1632 dupli,

376 1660 467 1715 cem
480 1626 681 1745 applicare
695 1624 940 1740 potentiam,
955 1644 1077 1731 atque
1090 1611 1187 1702 ided
1201 1614 1365 1728 scytalas
1379 1653 1464 1708 non
1478 1629 1670 1714 exteriori
1678 1633 1746 1720 ab·

375 1747 448 1831 stdi
467 1747 646 1858 tympani
667 1741 832 1850 infigas,
852 1732 919 1820 sed
940 1730 1074 1845 potibs
1090 1761 1311 1818 extremam
1334 1746 1513 1854 tympani
1532 1773 1648 1830 oram
1665 1745 1745 1862 scy-

374 1862 465 1946 talis
477 1863 529 1948 ad
541 1849 630 1968 ejus
646 1855 812 1972 planum
826 1847 1226 1966 perpendicularibus
1238 1851 1447 1964 transfigas
1459 1889 1472 1949 3
1486 1884 1588 1944 tunt·
1607 1862 1657 1947 ad
1673 1897 1745 1950 au.

374 1979 508 2089 genda
523 1977 718 2060 Potentia
729 1995 934 2054 momenta
946 1963 1220 2080 nequicquam
1232 1968 1393 2079 prodest
1404 1968 1559 2086 scytalae
1571 1975 1744 2092 longitu-

371 2094 449 2190 do,
468 2087 572 2177 sedd
589 2089 808 2183 foramine,
828 2087 894 2168 cui
908 2080 977 2166 illa
993 2081 1203 2190 infigitur,
1225 2079 1410 2196 usquead
1426 2117 1615 2178 centrum
1627 2095 1742 2181 desu.

370 2208 520 2292 menda
532 2206 592 2294 est
606 2195 1001 2320 potentiae'distantia
1016 2257 1026 2291 ‚
1042 2225 1132 2311 quae
1147 2223 1192 2277 ut
1205 2199 1331 2306 major
1347 2199 1439 2298 liat,
1458 2207 1641 2321 tympani
1657 2214 1741 2298 dia.

373 2350 502 2408 meter
518 2321 708 2434 augenda
719 2318 795 2404 est.
830 2317 876 2400 ld
887 2311 998 2430 quod
1009 2315 1158 2422 pariter
1169 2311 1472 2420 drcendumest,
1488 2328 1743 2434 quandoma-

369 2437 563 2522 nubrinm
578 2444 589 2533 (
605 2435 749 2519 unicus
764 2431 915 2518 scilicet
923 2425 1094 2542 paxillus
1108 2434 1288 2540 tympani
1302 2430 1424 2544 plano
1436 2433 1603 2538 infixus)
1623 2473 1742 2560 appo-

368 2557 502 2652 nitur,
522 2553 634 2670 quod
656 2553 854 2634 moventis
873 2575 996 2630 manu
1018 2541 1219 2656 perpetud
1249 2549 1290 2627 in
1307 2550 1569 2638 conversione
1592 2567 1737 2642 retine-

368 2693 457 2764 tur3
470 2673 557 2776 ejus
571 2673 681 2752 enim
695 2659 918 2770 distantiad
933 2689 1075 2744 centro
1088 2655 1257 2772 perinde
1273 2663 1568 2770 consrderatur,
1584 2677 1739 2790 atquefi

368 2788 551 2898 potentia
565 2783 621 2866 illi
633 2785 812 2896 tympani
823 2781 926 2892 parti
936 2770 1071 2862 fuisset
1083 2771 1265 2888 proxime
1280 2778 1500 2894 applicata,
1516 2792 1584 2870 cui
1597 2820 1738 2874 manu-

368 2898 503 2992 brium
522 2899 718 3010 infigitur.

428 3015 673 3101 Cavendum
690 3037 822 3094 tamen
838 3003 906 3094 hlc
921 3009 1102 3107 videtur,
1119 3037 1170 3092 ne
1182 3009 1271 3122 quis
1282 3007 1475 3114 majorem
1487 3015 1662 3132 aliquam
1676 3052 1736 3106 ro-

262 3116 268 3135 ’
368 3159 452 3216 tam
477 3126 585 3212 ¹ultrd
611 3125 871 3211 manubrium
898 3151 1181 3208 excurrentem
1207 3123 1390 3233 cylindro
1419 3128 1734 3248 circumpositam

367 3247 655 3341 confidet-ans,
684 3271 772 3357 quae
802 3240 1021 3354 aliquando
1045 3239 1134 3354 plus
1163 3237 1314 3324 habere
1341 3241 1504 3327 videtur
1532 3259 1732 3352 momenti,

234 3403 238 3410 ·
361 3359 533 3478 qudmsr
558 3387 643 3443 rota
666 3387 750 3442 non
773 3361 900 3470 major
915 3350 1034 3451 esset,
1054 3349 1178 3468 quim
1200 3353 1303 3439 ferat
1329 3360 1530 3472 manubrii
1554 3362 1578 3448 d
1600 3397 1730 3453 centro

365 3473 882 3574 distantia‚existitnetnon
896 3472 1036 3555 exhac
1049 3468 1235 3558 distantis
1249 3477 1656 3584 computandumelle
1668 3515 1730 3596 po

366 3597 503 3676 tentiae
519 3590 732 3674 manubrio
749 3585 956 3702 applicata
966 3615 1229 3670 momentum.
1252 3584 1465 3702 Observet,
1476 3601 1728 3710 oportet,hoc

365 3736 450 3802 non
464 3709 703 3818 contingere
723 3708 765 3786 in
776 3701 1019 3788 immanibus
1036 3713 1077 3790 δι
1091 3701 1368 3787 coloflicoteris
1380 3709 1628 3819 ponderibus
1640 3777 1653 3814 ,
1665 3721 1728 3800 im·

363 3819 436 3916 md
467 3851 602 3936 neque
629 3826 672 3906 in
695 3817 966 3904 mediocribus
979 3819 1209 3916 movendis,
1229 3817 1298 3904 sed
1315 3823 1357 3902 in
1375 3825 1423 3904 iis
1441 3835 1725 3931 tantummodo

363 3969 453 4052 quae
470 3937 621 4022 leviore
641 3939 808 4046 negotio
826 3945 869 4023 δι
888 3934 1083 4021 velociter
1106 3937 1259 4022 moveri
1281 3929 1470 4052 poliunt:
1493 3945 1602 4030 Rota
1614 3953 1726 4047 enim,

253 4061 259 4072 '
363 4059 479 4167 cujus
493 4051 783 4143 semidiametet
800 4053 931 4159 major
942 4050 1022 4151 est,
1038 4048 1162 4168 qualm
1174 4051 1375 4168 manubrij
1391 4049 1570 4145 dcentro
1584 4061 1725 4148 distan-

362 4170 437 4267 tia,
452 4149 683 4284 impressum
697 4163 720 4252 a
736 4194 929 4251 movente
945 4165 1125 4283 potentii
1138 4165 1338 4280 impetum
1359 4175 1565 4290 concipit,
1586 4185 1656 4294 qui
1674 4179 1726 4264 le-

360 4315 454 4373 vem
467 4289 605 4368 nauus
616 4281 877 4368 resrstentiam
891 4313 976 4368 non
992 4283 1124 4370 statim
1137 4287 1254 4400 perit,
1271 4283 1337 4370 sod
1350 4287 1637 4409 aliquantisper
1646 4323 1728 4409 per-

358 4397 542 4486 severans
569 4425 727 4482 motum
753 4429 847 4484 totae
873 4397 956 4484 und
984 4430 1078 4484 cum
1101 4430 1210 4487 novo
1229 4405 1419 4515 potentiae
1439 4435 1590 4494 conatu
1612 4411 1736 4495 efficit

251 4613 252 4616 y
358 4511 710 4630 majorem,qudm
720 4543 794 4634 pro
805 4513 984 4602 solitariis
993 4517 1186 4632 potentiae
1198 4516 1374 4602 viribus:
1395 4519 1525 4610 immd
1542 4553 1653 4612 tanta
1664 4527 1726 4610 fie-

357 4631 394 4719 ri
417 4629 552 4750 potest
570 4624 744 4748 impetlu
768 4633 941 4750 imprelli
966 4633 1135 4726 aeceffio
1159 4699 1172 4740 ,
1201 4661 1246 4720 ut
1265 4633 1357 4752 post
1373 4635 1539 4756 aliquod
1560 4671 1723 4758 tempus,

1610 4785 1721 4848 ettam
