3834 5272
375 282 390 316 .
435 191 590 312 Liber
612 203 812 316 tertius.
858 191 1076 316 crint
1112 185 1254 312 ΧΠ.
1283 209 1311 276 '·
1424 234 1531 342 m
1613 305 1620 312 .

115 360 517 479 -tnptmmrongtof
533 357 814 470 firmaturus
832 359 1136 474 erutumque
1153 353 1557 454 multimodum
1630 345 1688 427 -’

139 471 1071 593 cst,nedirumpatur,quddifficililrsintendi
1087 475 1232 590 potest.
1548 568 1555 580 ,

203 593 352 680 Simile
365 594 563 708 quiddam
570 595 793 682 dicandum
812 594 985 690 videtur,
1001 592 1098 680 clun
1113 591 1350 705 longiorum
1362 596 1527 713 prisma.

137 737 233 800 tum
251 737 324 792 aut
338 708 612 821 cylindrorum
624 713 897 796 extremitates
910 707 1096 823 subjectis
1106 707 1244 794 fulcris
1258 734 1382 796 totam
1397 713 1530 831 longi-

140 827 332 910 tudinem
344 825 550 910 horizonti
563 823 792 940 parallelam
805 825 1078 938 inaete'quasr
1089 817 1528 939 suspensamsustineutr
1657 833 1660 840 ’

140 935 216 1025 suo
229 943 340 1032 enim
352 941 533 1054 pondere
548 943 575 1028 st
592 971 675 1027 non
686 941 946 1052 franguntur,
961 939 1098 1026 saltem
1112 967 1353 1036 curvanturt
1366 945 1407 1028 id
1418 949 1530 1060 quod

142 1053 400 1142 brevioribus
419 1053 614 1169 cylindris
628 1085 698 1142 aut
714 1055 908 1172 prismatis
927 1060 1249 1168 noncontingit.
1292 1060 1528 1172 Quiavide-

138 1167 244 1258 licet
256 1201 309 1256 ex
322 1169 406 1286 ipsal
423 1173 621 1288 positione
633 1195 792 1286 partes,
813 1201 903 1288 quae
917 1174 1103 1258 inmedial
1118 1171 1377 1284 longitudine
1392 1176 1531 1264 locum

140 1287 358 1386 obtinent,
374 1297 414 1374 δι
431 1317 520 1402 quae
533 1289 596 1372 his
614 1293 806 1401 proximat
821 1287 937 1386 sunt,
958 1314 1059 1404 apte
1071 1285 1165 1374 sunt
1181 1287 1361 1376 velocilts
1374 1298 1533 1378 moveri

141 1395 271 1518 quim
284 1407 545 1497 remotiorem
563 1403 963 1518 &quemadmodum
978 1404 1138 1517 pondus
1154 1404 1345 1490 inmedio
1357 1409 1540 1522 positum·

140 1515 394 1606 descendens
408 1522 540 1604 vincit
565 1516 825 1606 resistentiam
845 1545 1120 1608 extremorum
1142 1521 1370 1633 ponderum
1387 1521 1530 1608 ascen·
1591 1568 1611 1616 ,·

146 1633 367 1732 dentium,
386 1632 443 1720 ita
463 1637 523 1725 vis
540 1636 687 1722 harum
704 1627 879 1750 partium
900 1635 1126 1718 mediarum
1147 1629 1305 1748 superat
1323 1641 1406 1721 vim
1419 1702 1434 1738 ,
1447 1637 1540 1756 qu'i'⁴

140 1741 476 1864 partes'invicem
496 1754 738 1846 neRuntur,
757 1779 807 1834 ac
821 1749 993 1866 proinde
1007 1746 1204 1834 distracta
1221 1747 1442 1840 flestuntur
1457 1757 1530 1844 iai.-
1625 1757 1627 1764 '

142 1891 253 1962 tem,
273 1875 315 1950 &
335 1863 503 1952 demum
521 1862 764 1982 separantur.
1389 1923 1391 1932 .

142 1971 147 1980 ⁶
206 1979 286 2065 Sed
301 2009 524 2097 antequam
539 1978 661 2096 plane
678 2009 729 2064 ex
746 1983 882 2086 animo
893 1975 1031 2066 effluat
1044 2041 1065 2083 ,
1077 2009 1206 2068 unum
1224 1975 1293 2068 hle
1312 1979 1550 2072 observari:

142 2093 249 2180 dum
273 2096 349 2196 (de
375 2129 458 2214 quo
482 2089 640 2200 fortasse
659 2090 857 2180 maluisslts
882 2100 1001 2180 initio
1028 2100 1296 2212 praemontril
1322 2097 1532 2186 aliudesse

142 2211 260 2326 quod
279 2241 331 2295 ex
344 2241 495 2296 natura
513 2211 712 2308 instituto,
725 2211 836 2296 aliud
849 2213 961 2328 quod
975 2241 1025 2296 ex
1044 2215 1104 2310 iis,
1118 2215 1423 2326 quaeaccidunt,
1436 2247 1531 2299 con-

147 2327 288 2440 tingit.
335 2332 441 2446 Qrae
460 2329 655 2412 botlenus
671 2328 925 2424 diximnsde
951 2329 1129 2410 Ratione
1150 2347 1336 2413 motuum
1356 2331 1536 2447 l'ptdlatis

145 2443 378 2566 ponderum
393 2442 672 2554 gravitatibus,
684 2443 948 2555 intelligenda
964 2439 1068 2542 sunt,
1083 2442 1155 2526 nisi
1169 2443 1265 2556 qnid
1279 2448 1536 2544 interveniat,

145 2559 263 2673 quod
278 2555 414 2668 legem
433 2561 540 2642 hanc
560 2556 756 2668 infringat
772 2591 782 2651 ς
799 2557 1021 2672 cujusmodi
1042 2555 1102 2641 est
1121 2557 1257 2672 aliqua
1271 2557 1445 2645 funiculi
1469 2591 1535 2646 re-

146 2673 298 2771 miffio,
313 2673 379 2756 vel
397 2677 531 2756 minor
542 2672 738 2769 intensio,
757 2677 812 2755 ita
832 2699 877 2755 ut
892 2675 966 2758 iric
987 2672 1148 2762 faciliirs
1164 2670 1348 2758 timedio.
1354 2678 1543 2790 pondere,

145 2785 426 2876 descendente
438 2789 576 2874 adhuc
590 2789 837 2884 intendatur,
847 2785 972 2902 quim
986 2815 1165 2902 extrema
1179 2789 1358 2902 pondera
1369 2791 1407 2876 el
1413 2821 1539 2880 even-

149 2933 242 2997 turt
258 2901 330 2988 ubi
345 2909 455 2988 enim
467 2901 520 2988 etl
541 2899 753 2990 devenerit
770 2903 930 3018 pondus
944 2903 1150 3002 medium,
1169 2932 1213 2988 ut
1226 2907 1407 2990 intentus
1422 2908 1537 2992 funi-

150 3018 271 3104 culus
287 3049 382 3102 cum
393 3017 501 3104 linei
515 3021 720 3106 horizonti
732 3015 918 3134 paralleli
932 3017 1130 3130 angulum
1145 3017 1281 3116 faciat,
1299 3026 1550 3134 cujusTau---

151 3163 258 3248 gens
270 3115 322 3219 a‘d
337 3131 559 3219 secantium
571 3127 761 3220 Excessus
779 3124 999 3218 Rationem
1018 3133 1145 3219 habet
1164 3137 1412 3255 reciprocam
1428 3166 1536 3251 pon-

147 3255 299 3338 derum
311 3309 322 3348 ,
334 3247 393 3335 ibi
412 3244 607 3347 subfistit,
623 3248 777 3334 etiamst
793 3275 974 3334 extrema
985 3251 1165 3364 pondera
1176 3249 1333 3334 elevata
1344 3280 1427 3335 non
1442 3254 1535 3346 fue,-

148 3371 236 3449 rint
259 3365 331 3448 nisr
341 3363 697 3480 juxtimensutam
710 3361 953 3450 differentia
976 3363 1197 3450 secantium
1216 3365 1392 3479 duorum
1402 3395 1541 3482 angui.

147 3480 301 3579 lorum,
315 3487 401 3596 ejns
413 3479 605 3566 videlicet
622 3505 744 3595 qtrem
757 3479 924 3570 demum
938 3478 1145 3565 funiculus
1161 3479 1382 3580 constituit,
1397 3493 1437 3570 ὅ(
1449 3489 1538 3593 ejur

147 3600 226 3714 qui
241 3595 416 3680 funiculi
437 3597 701 3682 remissionem
728 3592 813 3708 ipso
830 3593 965 3680 moult
985 3597 1105 3680 initio
1130 3593 1390 3710 consequitur
1409 3593 1536 3713 :qnia

148 3711 323 3798 ulterior
344 3707 555 3798 descensus
570 3709 874 3796 ad'ulteriortm
890 3705 1096 3795 ascensum
1119 3741 1203 3796 non
1223 3710 1394 3797 haberet
1411 3721 1536 3829 majo-

148 3819 242 3914 rem
272 3829 522 3926 Rationem,
552 3823 619 3912 sed
649 3827 850 3909 minorem
876 3825 1052 3908 Ratione
1075 3829 1304 3942 ponderum
1328 3833 1536 3942 reciproce

146 3947 416 4057 sumptorum.
461 3939 593 4056 Qod
609 3941 635 4024 sr
652 3939 769 4026 valde
785 3937 998 4055 inaequalia
1010 3941 1161 4028 fuerint
1182 3945 1381 4058 pondera,
1396 3949 1536 4029 eveni-

143 4090 196 4146 re
213 4057 344 4173 potest
358 4067 483 4144 totam
494 4067 578 4144 vim
590 4051 877 4154 descendendi,
890 4063 1012 4170 qualo
1025 4060 1186 4172 pondus
1199 4059 1381 4148 medium
1396 4059 1536 4160 habet,

140 4174 305 4263 absumi
320 4177 364 4258 in
380 4173 566 4260 funiculo
578 4173 844 4270 intendendo,
864 4199 941 4256 nec
959 4177 1180 4292 quicquam
1196 4177 1345 4260 virium
1361 4169 1535 4288 superes-

139 4289 187 4380 se
200 4291 255 4376 ad
266 4319 445 4376 extrema
460 4287 638 4406 pondera
650 4286 881 4375 attollenda.

210 4405 311 4492 Ht'tc
327 4411 452 4492 etiam
471 4405 619 4522 spestat
638 4405 1002 4519 impedimentum,
1028 4407 1139 4522 quod
1149 4436 1199 4492 ex
1221 4403 1394 4490 funiculi
1408 4405 1540 4496 clavi·
1563 4499 1566 4502 ,

139 4523 268 4612 culos
283 4525 448 4606 terentis
462 4519 656 4606 corilliilu
671 4520 800 4604 oritur
810 4555 821 4616 3
838 4519 933 4607 clim
951 4525 1060 4606 enim
1078 4521 1359 4614 descendentis
1374 4527 1533 4644 ponde-

132 4647 206 4746 ris
227 4639 349 4750 medii
363 4665 618 4732 momentum
634 4633 1028 4754 sonperdetrescat,
1052 4663 1102 4724 ut
1116 4668 1167 4724 ex
1183 4635 1297 4758 prop.¹
1311 4669 1348 4748 5.
1364 4641 1553 4747 conlita..

1126 4755 1209 4868 Yr

161 4839 273 4898 ttrr‚··'
292 4841 311 4915 Ἰ
334 4842 371 4891 εκ.
