3808 5262
1473 128 1494 174 s

368 201 476 308 '288
846 181 1269 346 Meclanictrum

373 355 645 475 aequalitatem
662 415 674 457 ,
689 353 759 443 ‘vel
771 357 868 470 quia
886 351 1398 471 ponderumaequalitatem
1415 381 1500 438 non
1516 355 1672 446 indicat
1682 370 1753 448 tie-i

377 508 421 562 ro
438 473 673 589 aequilibrio.
719 479 859 588 Qare
875 469 1008 566 nullus
1024 470 1127 554 milii
1139 467 1266 586 sermo
1280 471 1334 554 de
1351 473 1587 586 iniquorum
1603 475 1750 562 rendi·

376 621 511 676 tortim
533 587 830 706 sycophantiis,
848 583 1185 704 quibua,justam
1208 583 1309 670 licbt
1329 575 1473 672 libram
1494 589 1751 692 adhibentes,

375 709 519 794 rudem
533 737 581 790 ac
594 705 815 820 simplicem
827 730 1051 820 emptorem
1064 701 1412 800 circumveniunt,
1428 731 1501 786 aut
1516 710 1752 822 imprimen.

374 827 431 912 do
446 829 642 938 impetum
655 819 804 908 litrstini
823 821 1004 911 brachio,
1019 821 1085 903 ciii
1101 817 1329 928 legitimum
1340 820 1498 934 pondus
1511 819 1752 926 adneslitiit,

376 969 422 1028 ut
438 969 551 1024 merx
568 938 872 1053 praeponderare
882 935 1080 1030 videatur,
1092 959 1163 1016 aut
1172 935 1419 1052 ponderibus
1428 937 1580 1050 iniquis
1593 949 1633 1025 δι
1643 939 1753 1054 justo

375 1053 601 1142 minoribus
619 1053 797 1150 utend0,
814 1050 1113 1166 atitsubjedam
1122 1045 1328 1148 mensim,
1349 1054 1416 1134 cui
1428 1049 1524 1136 lanx
1540 1060 1755 1140 niercisin·
1806 1155 1813 1166 q

373 1171 564 1270 cumbri,
589 1169 758 1256 niaterid
779 1168 1033 1284 aliquatenus
1057 1169 1190 1250 tenaci
1217 1165 1439 1264 illinendo,
1456 1195 1507 1250 -ut
1531 1163 1684 1254 sublati
1710 1177 1753 1256 in

373 1302 510 1375 adrem
529 1279 629 1372 libid
645 1287 754 1401 priiis
770 1283 977 1370 attollatur
997 1281 1093 1366 lanx
1110 1283 1300 1396 ponderis
1321 1278 1445 1396 quim
1463 1291 1632 1382 mercis,
1663 1318 1753 1402 qiiae

375 1399 548 1502 omuinjb
563 1403 874 1518 praeponderans
892 1423 1087 1512 apparet,
1110 1398 1138 1480 fi
1160 1395 1261 1482 libra
1281 1394 1455 1514 spartum
1475 1399 1624 1486 habeat
1645 1401 1754 1488 insti

373 1525 520 1638 jugum
533 1579 545 1616 ,
556 1547 627 1602 aut
644 1517 788 1602 ssmiles
806 1514 1041 1631 imposturas
1052 1517 1347 1629 excogitando:
1364 1513 1429 1598 scd
1441 1515 1493 1600 de
1502 1515 1580 1600 illis
1593 1547 1756 1602 tantum

374 1633 686 1750 deceptionibus
715 1633 949 1745 agendum,
973 1657 1064 1746 quae
1083 1659 1136 1714 ex
1158 1629 1280 1744 ipsius
1304 1629 1414 1716 librae
1436 1629 1753 1734 constructione,

375 1780 448 1838 aut
464 1749 660 1866 positione
673 1775 808 1836 ortum
821 1743 973 1838 habere
985 1741 1158 1860 poliunt.
1535 1806 1537 1810 -

436 1870 489 1952 Et
507 1861 640 1980 primb
659 1865 827 1980 quidem
846 1860 883 1946 se
901 1855 1024 1948 offert
1035 1859 1177 1961 dolus,
1191 1865 1306 1978 cujiis
1320 1865 1507 1950 meminit
1517 1861 1755 1950 Aristoteles

376 1977 1224 2098 quaest.i.Meclian.familiariseotcmpore
1238 1979 1509 2066 vendentibus
1520 2007 1755 2098 purpuram,

374 2109 419 2190 &
431 2125 479 2180 ea
490 2157 501 2195 ,
513 2125 689 2211 quorum
698 2098 859 2182 modica
870 2095 1074 2210 quantitas
1085 2097 1261 2208 pretium
1273 2095 1463 2208 exigebat
1473 2125 1554 2179 non
1570 2123 1756 2182 contem-

376 2213 561 2298 nendum
574 2248 584 2294 i
597 2212 641 2296 hi
655 2216 767 2298 enim
788 2210 890 2297 libra
906 2206 1256 2325 utebantunquae
1279 2209 1454 2296 brachiis
1480 2239 1563 2296 non
1577 2206 1754 2298 omnind

375 2327 538 2446 paribus
556 2327 790 2428 constabat,
809 2332 1015 2410 ita-tamen
1027 2383 1039 2424 ,
1051 2352 1096 2410 itt
1111 2323 1200 2412 liaee
1211 2325 1459 2442 inaequalitas
1471 2329 1555 2412 nori
1569 2324 1608 2410 se
1625 2329 1758 2412 oculis

366 2445 510 2530 „statim
527 2445 725 2558 proderet.
769 2453 822 2536 Ut
837 2468 973 2529 autem
998 2439 1141 2526 lateret
1165 2439 1315 2544 dolus,
1339 2439 1501 2560 scapum
1521 2439 1589 2526 seu
1605 2444 1756 2555 jugum

373 2560 486 2648 librat
503 2589 555 2644 eit
569 2558 684 2674 ligno
705 2557 992 2646 construebant
1005 2619 1018 2657 ,
1033 2561 1150 2676 cujus
1168 2584 1299 2674 partes
1318 2587 1464 2644 omnes
1475 2589 1560 2644 iton
1577 2559 1757 2644 eandem

378 2674 607 2792 specificam
628 2681 867 2790 gravitatem
888 2673 1153 2774 obtinerent,
1184 2681 1368 2788 quamvis
1397 2675 1508 2762 nulla
1530 2673 1760 2764 secundum

375 2789 526 2878 molem
540 2790 745 2900 diuersitas
757 2796 935 2877 intuenti
945 2818 1194 2876 occurreret:
1210 2797 1304 2906 quia
1319 2795 1430 2876 enini
1443 2795 1554 2891 nodi,
1568 2802 1758 2907 &partes

377 2908 503 2992 radici
524 2912 750 3027 propiores,
769 2936 815 2992 ut
823 2906 924 3025 pote
949 2911 1077 3019 magis
1094 2899 1250 3004 derisae,
1268 2911 1469 3020 graviores
1491 2907 1584 2994 sunt
1599 2969 1610 3006 ‚
1627 2905 1759 3024 quim

378 3022 542 3138 reliquae
560 3021 724 3135 partesri
740 3027 875 3110 radice
891 3029 1177 3110 remotiores&
1191 3025 1307 3108 nodis
1321 3051 1501 3110 carentes
1515 3087 1526 3123 ,
1538 3049 1692 3138 partein
1707 3025 1759 3109 il·

377 3139 458 3226 latn
470 3138 696 3251 graviorem
711 3135 885 3225 breviori
893 3135 1063 3225 brachio
1081 3135 1339 3236 tribuebant,
1359 3139 1424 3222 vel
1441 3140 1647 3233 siniateiia
1670 3141 1760 3270 pla-

289 3252 292 3258 ’
380 3255 437 3340 ne
459 3251 689 3342 maiusmodi
710 3240 809 3342 esset
828 3318 840 3357 ,
861 3265 905 3344 it
929 3247 1117 3368 aequabili
1135 3251 1332 3366 gravitate
1354 3255 1554 3370 predita,
1577 3257 1758 3344 breviori

381 3367 552 3456 brachio
559 3369 719 3490 aliquid
730 3368 1193 3490 plumbiinfttndebant,
1212 3369 1441 3482 iitmateriae
1458 3369 1657 3489 gravitate
1668 3405 1758 3462 mo-

350 3513 351 3522 *
379 3490 711 3606 mentiim5qtiod
728 3487 883 3575 ratione
896 3483 1104 3605 positionis
1116 3487 1277 3584 deerat,
1297 3481 1531 3601 supplente,
1544 3519 1759 3612 appareret

380 3600 653 3718 aequilibrium
674 3604 853 3692 lancium
870 3604 916 3689 in
938 3601 1067 3690 vacui
1083 3601 1199 3688 librl.
1250 3603 1329 3686 Sed
1356 3602 1428 3688 ubi
1449 3607 1616 3692 demum
1638 3637 1757 3696 merx

226 3807 236 3816 Ι
312 3767 316 3772 -
380 3715 488 3804 lanei
510 3719 706 3846 longioris
729 3721 885 3831 brachii
905 3717 1220 3835 imponebatur,
1245 3717 1333 3802 liaec
1363 3747 1448 3806 erat
1472 3721 1758 3826 justominot,

382 3861 568 3950 quamvis
580 3869 676 3923 cum
691 3839 873 3952 opposito
891 3837 1072 3954 pondere
1082 3830 1179 3920 esset
1190 3829 1523 3950 aequilibrisrnon
1537 3839 1648 3924 enim
1668 3870 1759 3925 erat

377 3947 720 4068 illiaequalis,sed
741 3955 785 4038 in
799 3951 975 4039 Ratione
996 3950 1203 4070 reciproci
1217 3949 1490 4064 longitudinis
1501 3955 1657 4070 brachij
1673 3956 1759 4040 rni-

381 4069 490 4152 noris
509 4069 562 4158 ad
577 4067 881 4182 longitudinem
903 4065 1076 4183 majoris.
1111 4063 1213 4154 Hire
1231 4065 1379 4182 spestat
1394 4067 1644 4188 inaequalitas
1658 4073 1756 4158 bra-

380 4183 568 4284 chiorum
583 4213 669 4270 orta
682 4215 734 4272 eii
754 4217 824 4285 eo,
835 4187 952 4302 qudd
961 4183 1052 4300 jiigi
1059 4183 1179 4275 ferrei
1196 4212 1284 4298 pars
1293 4183 1477 4274 alterata
1488 4185 1697 4288 validiore,
1710 4201 1758 4278 lit

377 4299 632 4386 diuturniore
647 4301 893 4418 perculsione
907 4301 1042 4390 mallei
1058 4303 1160 4388 facta
1171 4300 1350 4403 densior,
1361 4302 1487 4392 etiam
1500 4305 1756 4416 graviotest3

379 4439 473 4504 nant
492 4420 644 4528 pundo
656 4417 957 4531 longitudinem
976 4421 1062 4532 jugi
1077 4415 1262 4502 bifariam
1275 4414 1477 4506 dividenti
1494 4415 1756 4538 nontospon-

376 4534 448 4619 det
464 4558 652 4618 centrum
673 4534 900 4652 gravitatis5
917 4531 984 4622 sed
1002 4531 1195 4621 recediti
1213 4534 1350 4622 medio
1363 4535 1498 4626 veniis
1512 4539 1753 4628 extremita-

364 4673 458 4736 ·tein
475 4647 730 4754 densiorem,
757 4681 882 4770 atquo
905 4648 1133 4768 graviorem
1157 4685 1170 4753 5
1192 4679 1239 4739 ac
1261 4653 1505 4776 propterei,
1524 4681 1570 4738 ut
1595 4651 1754 4770 aeqiiili·

1610 4769 1749 4860 britun
