3800 5266
263 369 266 377 ¹
428 223 1097 384 Liber-quincusesrur
1128 243 1225 354 Vl.
1414 284 1528 392 553:

12 483 15 490 ,
136 393 225 480 veri
241 413 439 508 ponamus
450 449 465 487 ,
477 417 527 474 ut.
541 389 651 476 horis
669 389 833 504 singuiis
850 394 1001 506 pedum
1020 397 1263 510 'quindecim
1278 387 1404 491 millia
1419 386 1533 524 peri.

136 535 298 606 curtat,
313 505 516 618 indigebit
530 503 640 588 horis
660 517 735 615 651
756 512 811 624 ᾗ,
828 507 910 596 hoc
923 511 984 599 est
997 511 1143 600 diebus
1159 547 1230 626 27,
1245 520 1356 606 horis
1368 553 1403 630 3.
1416 529 1538 612 mins

140 675 162 726 2
179 640 226 746 ξ,
246 643 474 755 utpondus
493 634 621 721 iloto
637 633 683 733 in
705 636 841 722 locum
856 641 970 753 pedis
990 649 1110 734 unius
1128 651 1341 744 intervallo
1360 658 1516 744 distan-

135 799 225 856 tem
238 768 471 853 transferat:
485 791 607 878 atque
622 758 719 846 ideo
734 769 824 875 quis
839 767 951 852 tanti
967 769 1178 860 oculorum
1189 777 1278 863 acie
1293 777 1454 895 polleat,
1469 803 1526 866 uo

135 888 331 1004 ponderis
347 909 504 971 motum
522 872 767 1000 dignoscat,
785 877 860 962 'nist
878 881 967 998 post
981 883 1135 1001 aliquot
1157 892 1276 978 horas
1295 921 1308 979 r
1326 898 1512 1012 quando-¹

137 1003 309 1120 quidem
320 1007 439 1083 unius
452 998 561 1079 hora
576 998 701 1107 i'patto
722 999 789 1082 vix
804 1000 923 1081 unius
939 1006 1067 1084 unciae
1084 1033 1239 1120 partem
1254 1017 1524 1128 quinquage.·

137 1119 279 1206 finiam
295 1139 479 1232 quartam
489 1107 673 1226 perficit,
692 1107 901 1236 sciliceta}
921 1115 1046 1230 pedis.
1075 1120 1228 1210 Verium
1243 1153 1324 1210 tam
1336 1125 1514 1215 immane

136 1255 322 1374 pondus,
341 1255 452 1374 quod
469 1255 522 1338 ad
536 1257 777 1366 gravitatem
795 1251 1102 1368 respondentem
1113 1263 1304 1372 potentiae
1321 1261 1522 1350 machind

134 1371 340 1458 destituta
353 1372 398 1454 stt
412 1397 458 1453 ut
471 1401 510 1466 o.
528 1378 584 1478 76
591 1379 644 1478 56
651 1401 697 1478 ις
714 1373 765 1456 ad
784 1403 797 1455 1
814 1431 825 1469 ,
841 1397 1029 1470 movete,
1044 1371 1141 1456 licet
1153 1375 1379 1477 tardiffime,
1395 1377 1513 1468 satius

137 1489 222 1586 est,
245 1483 369 1602 quim
387 1484 499 1570 nullo
513 1487 817 1597 padomovere.

195 1606 258 1688 Ex
271 1605 335 1686 his
348 1601 499 1716 liquet,
524 1599 623 1716 quid
642 1609 877 1714 contingat,
894 1599 1125 1719 sipotentiae
1153 1609 1194 1688 ὅ(
1214 1605 1403 1718 ponderis
1422 1609 1514 1702 loca

136 1720 196 1802 i'ta
226 1741 550 1812 commutentur,
572 1742 618 1796 ut
644 1723 827 1830 potentia
855 1744 1036 1800 extremo
1057 1739 1249 1830 tympano
1275 1723 1511 1840 applicetur,

136 1833 298 1950 pondus
319 1827 417 1916 veti)
438 1830 686 1915 movendum
702 1834 839 1946 prima
867 1831 1004 1916 rotulae
1023 1832 1088 1954 axi
1105 1859 1175 1914 aut
1196 1841 1410 1924 manubrio
1429 1841 1510 1928 tes-

137 1949 340 2064 pondeats
356 1951 528 2060 exiguus
546 1943 658 2032 enim
681 1948 881 2032 validioris
904 1970 1094 2062 potenttae
1115 1975 1248 2034 motus
1270 1955 1511 2047 velociffimd

137 2089 279 2150 movet
292 2064 475 2177 pondus,
494 2065 737 2178 mottimq'ue
752 2064 826 2157 diu
841 2067 1072 2156 continuats
1088 2088 1133 2144 ut
1155 2066 1287 2177 palam
1305 2069 1365 2154 est
1379 2079 1422 2157 in
1435 2105 1511 2160 au..
1542 2136 1558 2146 „
1632 2163 1639 2185 ν

139 2185 302 2263 somatis
320 2179 439 2262 horas
454 2179 750 2278 indicantibus,
768 2177 848 2264 five
865 2182 1047 2296 potentia
1058 2205 1226 2265 movens
1246 2183 1291 2266 stt
1306 2184 1366 2271 vis
1380 2189 1511 2278 clasti-

137 2325 186 2379 ca
205 2295 364 2378 iaminae
377 2292 582 2402 chalybeae
596 2291 779 2392 inflexae,
796 2293 878 2380 five
893 2295 1065 2406 gravitas
1085 2297 1274 2408 ponderis
1288 2329 1402 2412 axem
1419 2335 1509 2391 maa
1565 2361 1571 2372 ·

138 2409 259 2494 ximat
273 2437 367 2492 rota:
382 2409 572 2502 volvenss
589 2407 662 2493 nist
676 2413 786 2494 enim
800 2413 981 2522 Tempus
997 2407 1159 2492 alternis
1169 2413 1345 2500 motibus
1356 2415 1511 2534 objice·
1539 2481 1546 2488 -

136 2555 200 2610 tet
217 2553 311 2608 rotae
326 2521 475 2610 serratae
491 2523 682 2612 dentibus
697 2521 755 2608 sui
780 2524 854 2610 fust
871 2513 1085 2640 pinnuias,
1106 2555 1197 2640 quae
1216 2535 1508 2621 moraminfer-

136 2669 252 2738 tent,
262 2663 353 2758 tota
366 2637 448 2756 ipsa
463 2638 608 2726 serrata
627 2639 868 2726 velocissime
880 2637 1119 2728 volveretur.
1148 2645 1225 2728 Sed
1241 2653 1431 2760 quoniam
1446 2679 1511 2736 ra·

137 2751 189 2840 ro
209 2753 694 2868 contingrtvalidiffimam
704 2753 927 2871 potentiam
941 2753 1159 2862 adhibete,
1179 2785 1223 2841 ut
1236 2757 1326 2846 leve
1346 2767 1507 2878 pondus

136 2865 385 2969 movkatur,
417 2901 628 2987 propterea
662 2869 825 2955 nonest
847 2871 1038 2984 frequens
1067 2869 1296 2985 hujusmodi
1322 2875 1507 2968 locorum

135 2991 404 3070 commutatio
426 2993 531 3070 inter
553 2987 712 3102 pondus
729 3000 771 3072 dc
784 2989 1007 3100 potentiam
1020 3019 1030 3067 :
1043 2983 1157 3071 usum
1175 3017 1309 3073 tamen
1323 2991 1506 3108 aliquan-

115 3163 117 3166 ·
135 3103 193 3209 do
210 3100 360 3186 habere
377 3097 504 3214 poffet
516 3101 560 3186 in
576 3097 870 3186 rebusscenicis
881 3097 1078 3198 ,maxime
1093 3103 1420 3219 sraequabiliseffie
1432 3114 1506 3198 de.

136 3217 232 3302 beat
246 3243 378 3300 motus
391 3247 408 3312 5v
429 3223 601 3330 gravitas
619 3221 753 3313 enim,
768 3241 857 3329 quae
880 3243 955 3330 pet
973 3218 1093 3300 unius
1115 3247 1184 3302 aut
1205 3219 1368 3306 alterius
1383 3225 1507 3341 palmi

136 3332 310 3445 spatium
322 3329 559 3430 descendat,
572 3361 655 3416 non
665 3334 838 3446 acquirit
849 3335 892 3413 in
904 3357 1017 3432 motu
1036 3333 1507 3450 notabileaiiquodvelo·

135 3449 271 3534 citatis
284 3447 581 3530 inctementum
603 3507 615 3542 ,
638 3473 760 3560 atque
785 3447 938 3532 idcirco
959 3446 1163 3560 aequabilis
1188 3477 1350 3564 apparet
1370 3467 1505 3544 motus

133 3595 220 3649 tam
236 3564 356 3678 ipsius
370 3560 576 3674 gravitatis
588 3557 870 3646 descendentis
886 3623 898 3658 ,
914 3557 1036 3672 quim
1053 3564 1239 3676 ponderis
1252 3565 1358 3652 illius
1374 3584 1502 3656 vitto-

132 3669 443 3764 reascendentis
467 3716 475 3760 :
495 3678 574 3761 hoc
590 3675 618 3759 st
636 3703 718 3756 non
737 3674 843 3760 redd
861 3672 1009 3759 sursum
1030 3677 1231 3776 trahatur,
1251 3678 1502 3772 sedcitcum-
1618 3675 1624 3687 ’

102 3849 110 3858 -
131 3823 297 3909 agatur,
321 3788 477 3877 fortaffe
497 3783 702 3907 impressus
719 3793 895 3910 impetus
916 3789 1158 3876 velociorem
1175 3799 1503 3888 circumvolutio·
1565 3817 1568 3824 '

130 3943 226 3996 nem
244 3909 403 3994 efficere
415 3907 538 4026 poffit.

193 4025 321 4142 Qod
335 4025 501 4108 demum
516 4017 568 4108 ad
584 4018 685 4136 ipsos
701 4048 878 4107 rotarum
888 4022 1031 4107 dentes
1049 4027 1215 4126 attinet,
1233 4027 1394 4140 finguiae
1407 4034 1501 4149 qui-

130 4143 229 4232 dem
242 4169 335 4224 rotae
347 4135 454 4222 diuis
474 4137 720 4225 dentibusin
731 4167 861 4252 partes
880 4137 1050 4251 aequales
1065 4143 1317 4236 tribuuntut;
1330 4141 1397 4234 sed
1410 4149 1500 4236 hal.

131 4260 302 4345 lucinati
318 4253 602 4340 videnturnon
617 4253 735 4370 pauci
748 4253 891 4340 frustra
907 4259 1154 4368 requirentes
1174 4264 1217 4340 in
1231 4257 1419 4348 omnibus
1433 4276 1500 4351 to-'

133 4381 183 4459 tis
202 4375 380 4456 invicem
401 4375 637 4482 comparatis
653 4365 840 4452 dentium
862 4370 1158 4484 aequalitatem,
1183 4383 1224 4458 ὃ(
1247 4403 1297 4468 ex
1314 4378 1501 4474 dentium

135 4517 306 4574 numero
328 4483 517 4600 potentiae
531 4513 736 4568 momenta
749 4483 993 4580 metientes3
1018 4487 1126 4600 quasi
1149 4485 1291 4573 servari
1314 4501 1502 4608 nequiret

132 4607 279 4692 eadem
303 4627 602 4687 momentorum
619 4603 771 4703 Ratio,
797 4599 949 4688 etiamsi
966 4601 1134 4686 minoris
1161 4611 1339 4724 tympani
1359 4611 1502 4698 dentes'

1068 4723 1225 4808 A'Aaa
1389 4743 1393 4751 “
1439 4723 1449 4774 ⁴
