3708 5274
394 189 539 323 ι646
847 205 852 214 “
895 179 1318 306 Mechanicorum
1368 255 1372 262 ·

416 343 619 461 ¹adigendi
641 348 791 458 cunei,
815 339 839 430 i
855 343 1053 433 facilitate
1080 345 1319 438 scindendi:
1336 351 1515 466 quandiu
1532 365 1626 446 enim
1638 390 1729 480 paras

423 463 573 550 faciem
585 463 708 547 cunei
721 489 935 575 tangentes
951 493 1035 548 non
1052 469 1274 554 admodum
1297 495 1522 582 repugnant
1536 485 1727 594 compressos

424 582 469 664 ni
486 643 498 679 ,
518 577 638 664 facile
654 580 807 670 cedunt
832 581 973 666 adacto
987 609 1121 666 cuneo
1145 617 1155 672 a
1178 584 1250 669 ubi
1275 578 1376 668 verd
1393 583 1550 676 ul'terilts
1573 601 1728 709 comprimi

425 721 608 782 renuunt
623 756 635 795 ,
652 725 737 780 tota
751 699 811 783 vis
826 696 1054 784 exercenda
1064 697 1124 784 est
1140 703 1182 785 in
1192 699 1450 786 distraetione
1466 711 1621 817 partium
1636 713 1727 826 lejun·
1796 785 1797 810 ,

425 813 679 924 gendarum,
699 843 822 928 quam
839 811 1138 900 distractionem
1153 813 1240 934 qud
1259 822 1454 925 majorem
1478 819 1550 909 else
1572 828 1729 940 contingit,

412 935 599 1048 'augetur
612 927 710 1016 sane
723 941 765 1017 &
781 928 904 1026 cunci
919 931 1133 1045 adigendi,
1153 931 1419 1021 &scindendi
1439 933 1639 1024 difficultas.
1662 945 1730 1030 Hac

426 1067 565 1130 tamen
575 1044 654 1158 alio
667 1075 716 1132 ex
728 1039 862 1161 capite
875 1047 1086 1148 minuitur,
1103 1055 1211 1166 quia,
1225 1046 1311 1164 qud
1328 1049 1456 1160 magis
1469 1057 1641 1166 putidum
1653 1059 1697 1156 M,
1705 1067 1731 1146 ir

423 1161 791 1359 quodistrahendae
808 1159 1038 1278 suntpartes
1053 1165 1295 1273 conjunsiae,
1307 1165 1420 1250 abest
1435 1165 1458 1250 'ai
1473 1169 1732 1281 puniisssuQ

445 1275 1282 1394 aciliitsconstquitursciffiomam,cacteris
1292 1281 1733 1402 paribusmotusparticu·

414 1391 570 1494 larum,
586 1423 677 1510 quat
692 1391 961 1507 sejunguntur
972 1457 984 1494 ,
996 1396 1196 1487 minorem
1211 1396 1335 1482 habet
1345 1399 1559 1485 Rationem
1572 1403 1613 1486 ad
1627 1433 1734 1491 monn

427 1517 671 1632 punstorutn
685 1517 716 1594 B
733 1519 777 1596 de
792 1513 842 1595 C.
872 1515 938 1596 Sic
952 1511 1102 1597 fustem
1118 1515 1338 1598 crassiorem
1349 1511 1401 1597 ab
1414 1515 1534 1599 alteral
1545 1528 1734 1607 extremitate

425 1625 564 1717 fissum
577 1628 690 1738 juxta
713 1624 935 1711 notabilem
955 1625 1258 1740 longitudinem
1284 1627 1451 1715 ulterius
1474 1631 1642 1716 findimus
1654 1642 1734 1722 etiam

427 1744 520 1832 solis
537 1741 723 1828 manibus
738 1737 791 1826 ed
802 1741 982 1840 facilius,
997 1737 1084 1858 qud
1101 1743 1261 1857 longior
1275 1743 1397 1829 fuerit
1415 1751 1522 1861 prior
1535 1745 1658 1832 stillio:
1674 1751 1732 1864 plu-

430 1867 579 1947 rimum
605 1857 802 1972 siquidem
820 1857 986 1943 interest
1006 1863 1050 1942 in
1071 1855 1228 1971 lignis,
1256 1889 1432 1976 quorum
1459 1889 1607 1946 textura
1630 1889 1734 1950 ccrtun

344 1992 349 2004 “
427 1977 637 2094 quendam
652 1987 693 2060 δι
706 1979 860 2058 redium
873 1974 1088 2058 staminum
1103 1975 1286 2061 ordinem
1305 1974 1444 2076 habet,
1457 1975 1587 2063 uttltm
1599 1979 1684 2086 juxta
1695 2011 1734 2063 to

397 2117 401 2122 ·
418 2093 619 2180 'cumdem
632 2089 847 2176 staminum
861 2091 1028 2174 ductum
1042 2090 1275 2177 instituatur
1292 2087 1441 2190 scisse,
1459 2123 1511 2177 an
1526 2095 1607 2178 hacc
1622 2093 1736 2208 obliqui

432 2209 618 2297 secentur
628 2241 640 2302 3
659 2207 1003 2324 quemadmodum
1020 2215 1062 2292 &
1080 2210 1123 2289 in
1146 2207 1348 2323 lapidibus
1372 2207 1528 2322 praestat
1543 2239 1686 2295 cuneum
1698 2215 1736 2294 it-

425 2321 867 2438 tervcniis‘appllcare,
890 2349 938 2406 ut
959 2319 1118 2409 facilius
1137 2325 1368 2408 scindantur
1387 2361 1396 2405 :
1417 2351 1615 2438 propterca
1632 2327 1737 2410 nodols

427 2439 622 2526 arborum
637 2437 817 2554 partibus
825 2438 1047 2556 applicatus
1056 2439 1227 2524 Cuneus
1237 2437 1344 2552 aegre
1357 2437 1444 2522 illas
1460 2441 1590 2539 findit,
1607 2445 1681 2556 quia
1692 2472 1738 2523 no·

432 2559 579 2645 domm
593 2553 759 2638 stamina
771 2585 856 2638 non
870 2557 979 2638 reero
992 2553 1176 2654 tramite,
1194 2553 1259 2641 sed
1275 2555 1738 2670 peranfrasius&tortuoti
1767 2612 1768 2620 x

323 2709 326 2722 ⁴
434 2671 673 2758 recedunt.
706 2673 1000 2765 Inhacautem
1014 2671 1118 2783 ligni
1132 2670 1346 2756 scilfioncsr
1357 2669 1517 2786 placeat
1530 2701 1609 2758 turn
1621 2675 1740 2786 partitu-

399 2805 402 2810 '
432 2702 505 2887 las,
518 2815 607 2904 quae
623 2789 667 2870 in
686 2787 736 2870 M
752 2783 1045 2885 distrahuntur,
1057 2787 1231 2873 cumillis
1245 2784 1441 2891 subjetias
1453 2815 1571 2902 atquc
1583 2789 1741 2872 adhutin·

434 2933 586 3000 motas,
604 2905 759 3016 pufain
781 2905 826 2986 N
843 2903 1094 2988 considerare
1107 2966 1119 3004 ,
1134 2931 1257 3018 atque
1269 2901 1487 3012 vestigium
1499 2901 1740 3016 aliquoddupl·

432 3020 494 3106 cis
509 3015 646 3104 Vectis
662 3013 825 3102 secundi
841 3023 1000 3130 generis
1016 3015 1319 3134 recognoscere,
1329 3019 1433 3101 itaut
1448 3047 1648 3106 commune
1658 3017 1741 3129 hypo

383 3183 389 3200 ·
436 3132 664 3219 mochlium
676 3133 778 3216 fitin
789 3135 834 3218 N
844 3131 1143 3247 ‚longitudines
1158 3131 1334 3220 tedium
1348 3135 1436 3217 BN
1445 3193 1457 3232 ,
1475 3143 1517 3219 δι
1533 3137 1636 3230 CN,
1647 3159 1741 3246 potet·

437 3256 494 3334 tia
507 3247 644 3336 medio
657 3279 792 3334 cuneo
809 3249 1007 3366 applicata
1020 3255 1064 3335 in
1082 3256 1114 3337 Β
1130 3261 1173 3336 &
1190 3251 1249 3350 C,
1266 3277 1390 3362 atque
1407 3249 1619 3334 resistentia
1627 3254 1742 3332 viucen-

384 3391 387 3400 '
437 3367 490 3452 da
507 3371 550 3448 in
569 3367 643 3461 Mt
659 3395 745 3448 non
761 3394 829 3448 me
849 3364 1056 3451 difficilem
1073 3363 1285 3484 praebebo:
1304 3363 1371 3452 sed
1395 3375 1438 3451 dc
1459 3363 1560 3451 illud
1582 3359 1744 3450 statimad·

436 3485 532 3567 dam
547 3541 558 3578 ,
575 3511 658 3564 non
674 3473 753 3565 else
766 3481 879 3564 hunc
893 3481 1100 3596 duplicem
1110 3481 1224 3566 illum
1237 3484 1427 3579 Vediem,
1443 3513 1563 3596 quem
1574 3479 1632 3586 alii
1645 3483 1677 3559 in
1689 3479 1744 3558 Cu·

387 3604 389 3612 ’
437 3625 519 3687 neo
535 3623 720 3712 quaerunt
735 3629 747 3690 3
766 3625 858 3680 cum
873 3597 1006 3710 potitis
1018 3599 1097 3683 stnt
1114 3601 1197 3684 duo
1214 3599 1346 3710 vestes
1364 3601 1410 3680 in
1420 3587 1748 3710 diversaimpullab

405 3802 414 3809 ,
439 3715 649 3826 interjedio
669 3741 814 3796 cunco,
1209 3741 1212 3748 ’
1291 3728 1299 3738 ’
1655 3725 1659 3733 “

345 3905 348 3910 .
477 3879 483 3888 ·
500 3833 821 3942 Qraproptcrex
832 3828 916 3926 his,
929 3855 1018 3944 quac
1032 3824 1151 3914 latiits
1169 3827 1370 3944 explicare
1387 3829 1552 3945 placuit,
1563 3825 1650 3911 illud
1662 3819 1748 3906 conl·

441 3947 568 4042 citur,
585 3942 697 4057 quod
708 3943 855 4026 Cuneo
870 3943 1087 4060 aliquando
1102 3945 1242 4028 resistit
1256 3945 1453 4056 gravitas,
1479 3974 1525 4028 ut
1538 3944 1621 4030 edm
1632 3939 1748 4023 illecor·

422 4059 529 4177 'pori
548 4057 868 4171 gravielevando
882 4055 1143 4174 supponitur,
1155 4067 1226 4146 aut
1238 4053 1750 4178 cumdisjunsiorumquiden

442 4201 656 4288 corporum
667 4177 870 4285 gravium,
889 4171 956 4258 sed
973 4183 1270 4290 proximorum,
1286 4176 1422 4262 saltem
1438 4177 1602 4262 alterum
1618 4194 1751 4257 removt-

440 4319 510 4375 tur
521 4323 535 4382 5
552 4287 768 4405 aliquando
785 4285 925 4373 resistit
948 4299 1123 4406 partium
1139 4323 1268 4378 nexus
1290 4298 1334 4379 in
1355 4295 1428 4393 M,
1451 4299 1523 4409 qui
1542 4291 1606 4376 ntst
1619 4287 1751 4374 solvatur,

443 4403 610 4522 propelli
623 4430 974 4522 nequeuntpartes
990 4413 1072 4495 B&
1088 4413 1125 4497 C
1143 4415 1262 4494 cunei
1279 4411 1424 4494 faciem
1437 4435 1654 4518 tangentes:
1667 4395 1751 4483 viss·

443 4521 612 4638 quidem
630 4525 751 4642 cunei
768 4523 954 4635 proxime
968 4525 1375 4612 exercetutadvetsits
1394 4533 1427 4610 B
1443 4535 1484 4611 &
1505 4528 1569 4621 C,
1588 4533 1754 4636 &propter

442 4637 620 4758 partium
636 4643 934 4730 connexionem
944 4645 1066 4730 etlam
1080 4641 1353 4744 adsersusM,
1365 4645 1547 4761 quamvis
1558 4641 1632 4727 hoc
1645 4627 1752 4750 polite

578 4773 582 4783 ⁸
906 4803 909 4810 ’
1030 4782 1033 4791 “
1519 4799 1521 4808 ·
1675 4767 1752 4832 mun
