3818 5264
322 133 340 184 ,s

384 249 484 351 ¹40
842 190 1278 309 ‘Mecbanicorum

370 375 401 460 fi
416 385 630 456 externum
643 357 821 477 fiphonis
833 391 925 445 crus
942 351 1325 444 itidecurtatumstt
1336 353 1421 438 iraE
1433 379 1506 452 ,ut
1517 347 1743 446 osturumr

371 499 415 574 ἃ
431 514 544 602 aquae
555 489 599 566 in
613 481 701 564 vase
714 475 943 594 superficies
959 481 975 560 I
990 473 1152 590 paribus
1164 471 1294 561 absint
1309 470 1363 556 ab
1376 474 1607 561 Horizonte
1620 473 1745 555 inter-

370 601 512 699 vallis,
533 627 683 716 aquam.
697 591 793 682 ideo
817 596 997 688 haerere,
1017 621 1094 675 nec
1114 588 1284 702 amplius
1306 617 1356 674 cx
1382 594 1414 674 E
1435 589 1561 673 fluere
1578 586 1749 688 constat,
1813 661 1816 672 .

371 721 468 834 quia
485 729 599 830 aq‘ua:
613 715 684 796 BE
703 711 752 794 ad
768 709 1097 794 descendendum
1116 704 1426 821 propensionem
1438 679 1540 821 ,θ
1557 732 1672 818 aquae
1686 709 1746 792 Bi

369 833 662 948 repugnantia,
677 855 730 909 ne
745 823 956 922 ascendat,
977 824 1103 907 elidit.
1151 816 1284 941 Qod
1306 822 1337 902 ·s1
1351 823 1518 907 demum
1535 847 1683 932 aquam
1704 826 1750 906 in

370 945 462 1034 vase
480 950 720 1040 imminuas,
740 969 785 1023 ut
801 946 888 1054 ejus
911 938 1139 1055 superficies
1162 931 1286 1051 pauid
1309 935 1413 1020 infra
1432 944 1480 1034 1,
1503 961 1626 1048 atque
1642 934 1750 1020 adei>

371 1062 477 1148 infra
491 1063 522 1144 E
538 1057 723 1144 osculum
742 1057 1012 1170 deprimatur,
1025 1069 1108 1137 non
1123 1057 1205 1165 jam
1215 1052 1462 1164 aquahaeret
1476 1051 1564 1134 ini
1577 1109 1591 1150 ,
1605 1048 1670 1134 scd
1681 1050 1747 1140 sua

370 1209 444 1296 per
462 1175 630 1286 vestigia
646 1178 688 1256 in
717 1173 791 1254 ΕΒ
820 1173 1177 1280 remearecogitur
1196 1230 1216 1268 r
1235 1164 1535 1281 praeponderatai
1557 1169 1750 1254 nimirum

370 1297 524 1406 majore
539 1293 735 1404 gravitate
747 1316 861 1400 aquic
875 1286 1080 1400 implentis
1102 1315 1193 1367 crus
1210 1281 1333 1396 pauso
1348 1282 1508 1394 longius
1529 1280 1653 1398 quim
1671 1292 1748 1384 131,

371 1417 497 1524 atque
530 1400 635 1507 adeo
666 1397 790 1518 quim
819 1405 917 1498 BE,
947 1402 1058 1515 quod
1082 1399 1140 1482 illi
1163 1429 1213 1483 ex
1232 1399 1445 1511 hypothesi
1467 1398 1750 1485 constituimus

373 1518 527 1639 atqualc
541 1555 553 1616 3
568 1519 769 1632 tantdque
793 1515 971 1601 velocius
993 1516 1044 1599 ab
1058 1513 1160 1628 aqui
1176 1515 1378 1598 interioris
1399 1521 1525 1598 cruris
1546 1543 1750 1630 raperetur

319 1671 321 1676 ·
372 1641 575 1734 exterior,
593 1629 750 1748 quantia
774 1633 987 1745 depressior
1013 1631 1118 1714 satia
1137 1625 1279 1714 fuisset·
1297 1635 1343 1712 iu
1365 1627 1454 1714 vast
1477 1660 1592 1748 aquae
1613 1628 1752 1747 super-

371 1753 503 1846 ficies.
564 1765 570 1782 ‘

351 1895 353 1902 ’
432 1867 547 1949 Hinc
567 1867 705 1980 itaque
732 1863 797 1962 fit,
823 1885 869 1948 ut
891 1893 966 1978 pro
979 1860 1086 1948 varii
1104 1867 1279 1977 corporis
1297 1867 1424 1976 motui
1443 1863 1668 1954 obsistentis
1689 1899 1755 1990 rq-

372 1975 600 2102 pugnantid
618 1977 744 2065 modo
760 1979 849 2095 pius
862 2041 872 2079 ,
885 1977 1011 2066 modo
1028 1985 1161 2063 minus
1173 1975 1346 2092 impetits
1359 1980 1558 2094 reliquum
1573 1986 1640 2081 stt,
1668 2017 1754 2101 quo

373 2097 511 2187 motsis
529 2093 709 2179 celeritas
724 2126 795 2180 aut
821 2097 983 2180 tarditas
1004 2097 1249 2208 perficiatur.
1293 2097 1344 2176 Et
1363 2094 1389 2176 sr
1412 2123 1526 2179 tanta·
1543 2099 1589 2181 sr't
1608 2131 1753 2196 eorum

377 2241 563 2298 omniurn
578 2273 589 2308 ,
607 2241 695 2328 quat
715 2215 844 2294 motui
858 2241 1013 2294 moram
1028 2210 1230 2306 inferunt,
1247 2208 1505 2309 obsstentia,
1527 2243 1577 2296 ut¹
1588 2217 1644 2302 ad·
1659 2247 1752 2302 eam

376 2328 624 2416 vincendam
642 2326 731 2440 plus
746 2325 919 2440 impetiar
935 2323 1091 2410 necesse
1110 2326 1180 2424 sit,
1196 2322 1321 2439 qudm
1331 2355 1404 2438 pro
1416 2331 1752 2442 potentiaesacul·

378 2471 482 2542 tate,
499 2471 599 2527 tunc
619 2441 939 2526 nullusefficitur
952 2471 1108 2539 motus,
1124 2471 1207 2554 quo
1223 2469 1370 2555 corpus
1383 2471 1437 2526 ert
1449 2444 1542 2526 loco'
1552 2449 1596 2530 in
1614 2445 1753 2562 loqum

378 2557 655 2656 transferatur,
673 2554 742 2641 sed
756 2558 891 2672 aliqua
910 2585 961 2641 ex
977 2561 1192 2674 peregrino
1207 2561 1362 2670 impetu
1385 2559 1433 2641 sit
1448 2565 1623 2672 partium
1639 2593 1753 2648 com-

377 2673 544 2791 pressio,
568 2701 639 2756 aut
652 2662 883 2776 distraciiot
907 2701 1041 2791 neque
1061 2671 1334 2756 enimomnes
1353 2680 1530 2787 corporis
1547 2680 1754 2790 particular

299 2897 303 2902 .
349 2859 356 2878 ,
378 2783 766 2902 homogeneaesunt,
784 2791 919 2870 aurita
934 2793 1150 2902 compaaae
1165 2784 1266 2870 citri
1282 2817 1422 2872 omnes
1436 2819 1579 2902 poros,
1596 2823 1641 2876 ut
1661 2796 1753 2878 nul-

379 2904 669 3001 latericiorum
689 2901 975 3015 particularum
998 2904 1231 3018 compressio
1248 2929 1318 2984 aut
1340 2903 1541 2988 distractio
1561 2909 1754 3026 consequi

378 3019 514 3138 posiit.¹
531 3021 658 3138 Qod
672 3019 760 3102 srea
777 3017 823 3100 srt
834 3021 1012 3162 corporis
1024 3047 1097 3132 per
1110 3025 1192 3103 virn
1201 3022 1394 3103 movendi
1406 3047 1548 3104 natura
1564 3051 1635 3106 aut
1646 3027 1752 3139 post⁴

304 3177 320 3186 ··
380 3141 461 3238 tio,
482 3163 528 3222 ut
541 3135 700 3238 nulium
712 3115 1220 3248 planesrvclatiouis,'srve
1232 3139 1456 3232 rotationis,
1468 3136 1753 3226 srvdvibratio-

380 3254 457 3348 nis,
471 3248 555 3348 five
573 3248 888 3364 constipationis,
902 3245 985 3331 srvit
996 3247 1241 3332 dilatationis
1256 3279 1412 3334 motum
1429 3257 1644 3366 concipere
1661 3254 1754 3368 pos„

382 3367 443 3465 sit,
458 3393 529 3448 aut
541 3364 721 3449 violento
734 3368 780 3446 in
793 3363 897 3448 statu
910 3369 1145 3476 permanere
1158 3364 1353 3476 languido
1362 3364 1433 3448 isso
1451 3369 1620 3481 impetu,
1631 3401 1765 3484 quent

384 3487 444 3567 vis
456 3475 679 3566 extrinseca
694 3476 856 3564 efficere
876 3475 1049 3578 valeret,
1065 3477 1224 3562 nulium
1242 3509 1408 3594 quoque
1426 3485 1624 3595 impetum
1647 3493 1751 3571 rcci-

382 3604 463 3715 pit5
478 3599 629 3714 quippe
642 3599 710 3711 qui
730 3587 890 3679 idei-red
909 3598 1230 3707 imprimeretur,
1250 3623 1460 3680 utmotum
1474 3625 1618 3712 praeter
1632 3631 1752 3688 natu-

382 3711 683 3810 ramefficeret,
705 3739 776 3794 aut
790 3737 836 3795 ut
849 3708 1073 3822 naturalem
1085 3737 1245 3796 motum
1260 3712 1493 3796 retunderet
1512 3726 1756 3810 ,autetiam

310 3901 314 3910 ,
382 3824 541 3945 prorsus
558 3825 786 3942 impediret.
824 3826 1185 3944 Qemadmodunr
1204 3831 1316 3911 enim
1339 3827 1368 3910 st
1391 3830 1757 3950 corporisalicujus

334 3987 336 3994 ·
382 3941 614 4060 specificam
626 3937 1038 4088 pravitateminaqui
1051 3947 1197 4027 mutari
1213 3969 1296 4026 non
1310 3935 1419 4055 posse
1431 3943 1611 4042 constet,
1631 3951 1760 4036 inser..

383 4089 428 4144 re
446 4061 649 4148 continuo
660 4055 778 4152 licet,
791 4081 938 4167 corpus
946 4055 1057 4142 idem
1071 4085 1206 4172 neque
1217 4061 1425 4141 raritatem
1434 4087 1567 4172 neque
1577 4062 1756 4150 densita-

384 4201 469 4260 tem
479 4179 523 4257 in
536 4171 642 4287 aqud
655 4164 848 4257 assumere
858 4161 1055 4284 possetex
1075 4171 1140 4256 his
1154 4173 1351 4286 siquidem
1366 4169 1561 4286 specifice
1577 4185 1755 4288 gratita.
1816 4176 1819 4184 '

383 4295 435 4374 tis
450 4295 622 4373 mutatio
638 4292 836 4374 oriretur:
853 4292 909 4370 ita
920 4290 1073 4400 pariter
1088 4287 1159 4372 ubi
1172 4287 1277 4372 nihil
1296 4288 1437 4374 haberi
1454 4292 1587 4403 potest
1601 4323 1756 4396 eorum,

385 4433 476 4521 quae
488 4407 688 4516 impetum
697 4398 943 4491 extrinsecus
962 4397 1196 4519 impreffum
1209 4397 1757 4526 necessaridconscquuncur,

384 4525 584 4634 impeturn
600 4549 766 4637 quoque
782 4511 913 4604 abesse
929 4547 1016 4602 non
1032 4515 1239 4604 immerito
1256 4523 1540 4633 conjeiiamus.

441 4638 488 4723 Si
505 4637 596 4751 quis
619 4663 757 4730 tamen
771 4639 957 4726 animum
972 4632 1210 4750 diligentiis
1225 4635 1430 4738 advertat,
1442 4636 1663 4726 manifesti
1681 4641 1757 4727 de-

892 4810 899 4821 ·
1532 4757 1765 4875 prehendet
