3794 5266
252 219 257 224 ·
383 275 387 282 -
471 196 866 356 Liberquaertus.
913 199 1126 314 CAPuT
1156 205 1316 318 XIV.
1470 249 1584 358 459

199 363 439 464 inflectant,
455 367 657 450 nrinorcm
669 387 785 476 aquae
801 353 1063 444 tefistentiam
1080 361 1324 478 percipiunt.
1355 371 1518 488 Qare,
1534 388 1582 462 u't

199 509 339 572 remus
371 479 444 568 suo
467 507 583 568 motu
604 481 785 562 imitetur
808 499 965 560 motum
991 477 1130 562 caudae
1157 475 1363 591 piscium,
1392 517 1494 604 opus
1521 495 1583 580 est

200 605 380 686 credam
396 596 617 714 palmulam
640 593 753 693 (hoc
770 589 854 690 est,
876 588 922 674 in
938 588 1061 706 plano
1080 597 1261 682 verticali
1278 598 1582 714 longitudinem

199 715 320 803 navis
333 714 517 832 oblique,
529 740 600 798 aut
617 711 670 795 ad
687 713 813 794 renos
824 709 1010 822 angulos,
1026 703 1185 794 secante
1197 713 1454 832 existentem)
1466 755 1585 842 ηυγ,

201 862 443 932 occurrere,
458 860 505 916 ut
523 824 631 944 aqui
651 823 856 913 relistente
872 821 1117 939 propellatur
1133 825 1273 930 navis,
1290 837 1462 924 eandem
1478 840 1581 930 ver&

200 949 424 1065 palmulam
441 945 581 1064 posteri
595 941 802 1054 obliquam
820 941 923 1038 lieri,
937 939 1115 1041 nedum,
1133 945 1237 1030 intra
1252 975 1399 1062 aquam
1416 961 1585 1044 retrahi.

203 1065 335 1152 mad
353 1065 582 1151 iterandum
592 1055 809 1174 lrnpulllrm
821 1118 833 1155 ,
847 1083 1001 1140 tantam
1016 1053 1200 1146 inveniat
1216 1061 1478 1154 refistentiam
1489 1133 1501 1172 ,
1514 1071 1583 1164 fid

201 1209 353 1296 aquam
373 1179 532 1268 facilius
556 1177 703 1268 findat.¹
742 1177 859 1261 Hinc
888 1173 1121 1285 conjectura
1148 1175 1489 1293 aliquiducebar
1507 1189 1583 1277 ali·-

201 1297 436 1410 qoaudoad
449 1293 742 1412 suspicandum,
753 1321 807 1376 an
823 1292 987 1372 itaoemi
1004 1288 1180 1404 palmula
1197 1294 1360 1411 reliquae
1376 1307 1474 1386 remi
1493 1303 1586 1394 lon.

201 1409 384 1524 giouini
395 1411 553 1513 adnexa
565 1405 662 1499 effer
680 1405 806 1492 fibula
818 1401 1010 1518 plicatili,
1030 1431 1095 1504 ut,
1109 1405 1204 1494 clrm
1223 1416 1323 1494 remi
1339 1443 1461 1532 capnt
1476 1449 1583 1540 pup-

201 1533 292 1644 pim
306 1525 466 1627 versus,
489 1525 665 1641 palmula
677 1519 783 1609 ›vcrd
811 1521 857 1604 in
882 1521 1103 1635 oppositam
1116 1545 1275 1638 partem
1293 1527 1582 1648 impelleretur,

204 1647 297 1737 hacc
311 1646 543 1730 occurrenti
558 1669 672 1758 aquae
690 1639 867 1735 cederet,
884 1633 1058 1750 ermque
1073 1637 1242 1755 oblique
1259 1643 1431 1734 finderet
1447 1655 1582 1742 modi.

205 1758 257 1860 cal
276 1755 417 1848 maniis
439 1757 607 1872 remigis
626 1757 863 1870 deflexione
887 1763 1045 1839 renium
1073 1758 1237 1854 inoerim¹
1253 1767 1583 1880 contorquentis.

206 1877 314 1974 Sed,
334 1902 382 1959 ut
399 1875 513 1990 quod
529 1903 590 1958 res
606 1872 666 1958 est
680 1870 872 1986 eloquan,
885 1897 1049 1964 vereor,
1069 1899 1122 1952 ne
1135 1899 1324 1984 argutum
1338 1879 1586 1984 ninrin,le.

204 2019 294 2108 que
311 1989 466 2106 aliquid
481 1989 636 2076 habens
651 1986 883 2102 compendij
900 2043 912 2081 ,
930 1983 1147 2070 artificium
1162 1987 1244 2074 hoc
1259 1988 1471 2081 videatur:
1491 2030 1586 2090 nam

206 2115 253 2196 δι
286 2106 481 2192 nostrates
512 2100 748 2218 cymbularij
778 2097 989 2186 communi
1016 2127 1130 2188 mmo
1156 2104 1347 2220 cymbam
1373 2141 1426 2200 ex
1454 2109 1586 2234 pup’pi

187 2233 377 2336 ’agentes
399 2249 493 2310 eam
513 2218 767 2337 propellunt,
782 2227 824 2306 δι
841 2218 1026 2328 dirigunt
1035 2241 1184 2332 aquam
1197 2249 1280 2304 non
1296 2233 1585 2338 percutientes,

204 2367 290 2426 nec
307 2341 756 2433 remumextrahentes,
772 2334 891 2442 cujus
901 2336 1009 2418 varia
1024 2331 1313 2436 inclinatione,
1328 2337 1420 2429 loco
1431 2348 1587 2458 guber.

203 2451 370 2552 naculi,
384 2452 539 2566 cymbae
564 2480 722 2538 motum
749 2466 977 2561 temperant
1000 2451 1249 2564 remigando.
1292 2459 1345 2544 Ut
1367 2463 1466 2574 quid
1486 2495 1589 2580 ergo

129 2569 140 2582 ”
204 2597 368 2656 remum
376 2568 425 2664 in
437 2569 537 2654 duas
552 2596 705 2684 partes,
718 2595 808 2680 quae
828 2561 953 2650 fibula
961 2565 1209 2696 jungantur,
1221 2567 1393 2656 divisum
1404 2577 1606 2667 adhibes.

205 2689 445 2800 ret-quippe
492 2687 535 2770 ui
564 2709 713 2770 noceat
737 2677 895 2798 potitisr
913 2707 1008 2806 nam
1028 2685 1190 2808 remigis
1207 2711 1342 2772 motos
1357 2691 1401 2774 in
1426 2721 1588 2808 proram

204 2801 386 2886 directus
402 2713 559 2884 nullum
576 2794 792 2912 impulsum
804 2799 1129 2912 imprimrtnavr,
1155 2798 1229 2887 nili
1250 2808 1587 2916 quandoiterum

206 2919 344 3000 testor
363 2915 491 3002 ladius
504 2915 627 3002 fuerit
643 2943 787 3000 remus.
825 2911 904 2996 Sed
924 2909 1109 2996 flectatur
1124 2917 1373 3030 &dirigatur
1387 2917 1518 3036 temni
1541 2937 1588 3016 in
1673 2937 1678 2948 '

205 3059 366 3118 morem
379 3031 518 3120 taudae
529 3029 724 3146 piscium5
743 3028 967 3145 quidhoc,
989 3056 1035 3112 ur
1051 3059 1156 3114 unus
1174 3057 1310 3118 remex
1331 3032 1396 3124 sex
1409 3049 1588 3131 aut'oc‘io

154 3135 163 3156 ³
206 3147 455 3234 nostratibus
485 3151 618 3232 nantis
646 3143 883 3260 aequivoleat
905 3169 918 3228 r
944 3146 1039 3228 Hac
1064 3173 1202 3230 autem
1222 3148 1356 3236 oblati
1376 3159 1590 3249 occasione

207 3263 310 3350 clun
326 3269 453 3348 varias
465 3266 783 3374 excogitaverim
799 3264 973 3347 rationes
990 3263 1134 3347 utendi
1155 3269 1274 3348 remis
1298 3297 1411 3384 aquae
1433 3271 1588 3392 sempei

207 3381 429 3479 immcrfis,
446 3378 568 3463 liceat
582 3379 685 3464 mihi
700 3407 772 3490 per
781 3375 938 3461 lenioris
946 3381 1185 3506 patientiam
1202 3409 1330 3466 unum
1346 3401 1589 3504 proponerei

209 3497 328 3610 quod
341 3489 500 3580 forcalle
521 3523 599 3580 nec
614 3493 948 3592 incommodum,
965 3521 1044 3574 nec
1069 3493 1213 3580 inutrle
1237 3501 1440 3586 accideret
1458 3541 1471 3604 ,⁴
1497 3507 1589 3596 fiiri

209 3605 1325 3725 nsumdeduceretur‚tuncmaxime,cump1ureshinc
1343 3628 1383 3702 δι
1401 3617 1499 3706 hinc
1518 3655 1587 3712 res
1659 3709 1660 3712 a

208 3731 342 3838 miges
353 3726 623 3824 adhibentur,
639 3730 710 3841 qui
732 3722 1085 3842 navisaequilibrio
1098 3755 1181 3811 non
1202 3730 1433 3818 officerent:
1452 3747 1588 3854 neq'rlt'

209 3847 324 3930 enlm
335 3837 776 3942 facileanthorellem,
796 3870 843 3928 ut
857 3837 1074 3928 levioribus
1088 3845 1242 3958 cymbis
1260 3847 1480 3938 methodus
1497 3857 1587 3946 haee

208 3965 441 4050 communis
457 3953 554 4046 effer
575 3996 585 4041 ε
612 3963 765 4075 quippe
780 3986 871 4076 qux
881 3957 1099 4044 deficiente
1109 3965 1298 4076 ponderis
1315 3965 1412 4048 hinc
1430 3977 1470 4054 dt
1483 3969 1585 4060 lu'nc
1713 3981 1717 3989 “

209 4077 441 4195 etqualitate
455 4081 498 4160 in
511 4076 745 4162 alterutram
756 4105 912 4190 partem
927 4072 1045 4160 nimis
1062 4075 1375 4178 inclinarentur,
1394 4081 1590 4176 nec'citra'

209 4189 518 4290 casusnautae',
553 4191 867 4280 anteverfionis
892 4190 1087 4280 naviculae
1111 4197 1353 4310 periculum
1392 4199 1588 4318 Remiger

211 4309 470 4398 statuohinc
495 4319 537 4396 δι
567 4307 669 4394 hinc
689 4307 838 4396 scalmo
859 4307 1084 4396 insistentes
1109 4307 1195 4406 3'id
1223 4311 1335 4427 quod
1360 4310 1591 4406 incommo's
1720 4365 1730 4376 ·
1814 4365 1817 4373 ,

208 4427 314 4525 dum
344 4447 429 4512 non
454 4422 561 4521 eritr
583 4426 918 4542 quandoquidem
943 4425 1092 4513 additis
1111 4426 1357 4515 extrinsecis
1389 4439 1588 4550 opponat·

211 4549 278 4630 nis
301 4542 439 4641 fulcris
459 4543 686 4628 craffiorem
711 4539 879 4660 latisque
911 4544 1066 4628 firmam
1096 4543 1275 4642 tabulam
1304 4551 1470 4662 impono
1497 4553 1587 4640 inc.

208 4661 364 4746 diocris
386 4657 611 4748 latitudinis
633 4657 657 4745 tl
675 4657 822 4764 scalrno
839 4659 1057 4748 distantem
1068 4651 1181 4866 cappo
1202 4659 1440 4774 intervallo,
1459 4700 1587 4787 quan.

376 4825 380 4833 ·
1170 4807 1267 4867 mm
1314 4815 1335 4869 a
