3794 5270
417 296 528 396 720
745 289 752 302 ·
818 227 839 248 γ’
895 245 1321 365 Mechcinitortim

418 412 608 513 durities,
626 411 712 500 lieri
725 407 881 530 potest,
895 422 941 500 tit
954 443 1005 497 ex
1025 415 1108 498 iou
1123 409 1387 497 labefadettrr
1400 405 1540 526 potitis
1555 415 1798 530 percutiens,

422 526 547 645 quim
558 523 810 646 perculsum:
829 529 881 614 src
898 528 1044 646 ‘globus
1054 525 1270 648 plumbeus
1288 557 1339 613 ex
1355 523 1465 614 editi
1483 527 1588 612 turri
1609 533 1798 630 decidens

419 647 465 734 in
478 648 699 754 subjeetum
711 646 862 732 filicem
873 664 924 732 ex
936 649 1019 732 ictu
1037 643 1324 742 contunditur,
1339 642 1515 730 rotundi
1531 643 1744 762 superficie
1756 655 1797 746 in

418 767 581 890 planam
604 761 786 863 mutati,
810 793 890 880 qua
908 791 1023 880 parte
1043 761 1121 848 suit
1142 764 1381 858 contadusr
1401 771 1442 848 δ(
1466 764 1617 847 vitrum
1641 769 1696 853 ad
1713 769 1796 860 saxa

420 881 575 970 allisum
592 879 761 974 friatur3
786 889 826 964 ὅ(
839 877 1127 980 follislusorius
1141 883 1184 961 in
1196 875 1389 994 parietem
1406 881 1604 992 impastus
1618 893 1793 1000 compti.

420 1004 556 1085 mitur.
593 1000 710 1081 Hinc
735 1021 870 1079 tamen
883 1023 966 1079 non
981 995 1053 1106 fit,
1069 988 1155 1112 qud
1168 994 1303 1078 minus
1315 1013 1459 1108 corpus
1472 993 1601 1095 illud,
1617 1001 1662 1079 r'n
1687 1007 1794 1116 quod

419 1107 1724 1232 plumbeusglobus,autvitrum,autfollisincurrit‚percussum
1736 1119 1794 1206 di.

419 1231 558 1323 citurr
573 1261 623 1314 ex
635 1231 718 1312 ictu
728 1228 839 1310 enim
855 1223 993 1313 saltem
1006 1227 1260 1324 concutitur,
1276 1227 1319 1312 δι’
1331 1225 1617 1320 contremiscit.
1638 1229 1796 1350 ¹Neque

418 1373 635 1430 tremorem
659 1337 889 1454 hujusmodi
913 1340 1068 1428 temeri
1081 1341 1302 1427 confictum
1314 1337 1596 1455 suspicabitur,
1613 1348 1795 1467 quisquis

318 1464 321 1470 '
416 1459 647 1576 longislrmae
665 1457 786 1542 trabis
799 1462 1044 1542 extremitati
1055 1486 1193 1542 aurem
1207 1457 1456 1554 admoverit,
1473 1489 1519 1544 ut
1529 1457 1653 1548 alteri
1667 1495 1795 1555 extre-

345 1587 351 1599 “
413 1581 555 1663 mitate
581 1569 766 1689 quamvis
781 1571 973 1659 leviffime
991 1569 1124 1686 digito
1147 1565 1331 1688 percussi
1346 1567 1520 1672 sonitum
1539 1579 1795 1684 audiat‚·aut

414 1695 540 1776 notin
555 1685 778 1776 scrobiculo
791 1693 835 1772 in
850 1687 953 1774 terri
969 1687 1073 1772 stilo
1089 1715 1228 1772 aurern
1248 1683 1478 1788 immiserit,
1496 1719 1540 1774 ut
1563 1696 1791 1786 adventan-

414 1811 466 1894 tis
484 1805 654 1918 alicujus
671 1805 809 1890 adhuc
830 1802 972 1920 procul
988 1803 1105 1918 posrti
1122 1797 1252 1918 pallus
1272 1799 1491 1918 percipiat:
1511 1805 1671 1895 nullum
1688 1815 1791 1903 veris

413 1919 557 2019 sonum
578 1921 665 2004 fieri
687 1917 771 2004 line
791 1929 1022 2005 tremore&
1038 1945 1181 2018 motu,
1205 1907 1317 2002 enim
1334 1922 1645 2010 controverfiam
1659 1927 1792 2046 posuit

411 2037 676 2156 experientia.
810 2131 812 2140 Ι
1091 2055 1133 2114 .¹
1475 2116 1478 2124 ,
1538 2141 1543 2152 Ι
1668 2127 1674 2138 ⁶

469 2146 598 2240 Porrd
616 2141 786 2266 spellati
799 2175 1015 2264 corporum
1024 2151 1242 2266 temperie,
1257 2151 1549 2264 percullionum
1562 2157 1790 2248 vehemen-

410 2263 762 2354 titiaestimaturex
776 2269 846 2366 iis,
869 2293 959 2382 quae
985 2260 1290 2379 consequuntur
1311 2264 1570 2352 refistentiam
1594 2301 1726 2360 ortam
1743 2310 1790 2365 ex

409 2411 627 2500 corporum
641 2378 869 2491 c'ollisonrm
884 2381 1035 2464 duritie
1052 2375 1118 2464 seu
1133 2378 1389 2466 mollitudine
1404 2385 1607 2488 majoriau
1627 2395 1790 2493 minori,

308 2563 312 2574 .
408 2497 496 2591 tirm
509 2495 715 2597 absolute,
736 2494 824 2582 tirm
838 2491 1084 2608 comparate.
1121 2495 1233 2580 Cum
1248 2489 1538 2599 Absoluridico,
1557 2501 1791 2595 alterutrius

407 2609 539 2702 solum
556 2613 748 2698 duritiem
763 2604 830 2694 seu
845 2607 1145 2694 mollitudinem
1159 2609 1369 2696 considero
1382 2615 1463 2710 ita,
1480 2641 1526 2694 ut
1537 2645 1607 2700 aut
1620 2651 1790 2736 corpora

407 2721 591 2845 perculsa
611 2722 775 2812 interse
800 2787 812 2824 ,
841 2749 911 2808 aut
936 2751 1104 2838 corpora
1122 2729 1391 2842 percutientia
1416 2726 1595 2814 fimilitet
1621 2737 1792 2826 interse

409 2843 694 2949 conserantur:
714 2829 927 2948 comparati
943 2867 1105 2938 autem,
1152 2841 1287 2938 nando
1309 2847 1541 2958 percutiens
1567 2877 1667 2934 cum
1696 2884 1790 2968 per.

263 2985 280 3062 Q
409 2953 811 3069 collocomparatur,
827 2871 1388 3070 proutdurltieliexcedunt.
1417 2957 1459 3042 Si
1473 2987 1619 3084 corpus
1638 2994 1788 3082 percu-
1876 3065 1877 3070 Ν

410 3079 515 3160 tiens
529 3071 649 3159 valde
673 3071 821 3156 durum
843 3085 1042 3182 ponatur,
1060 3059 1109 3155 &⁸
1118 3069 1263 3184 corpus
1277 3071 1502 3184 percull'um
1516 3067 1791 3183 mollefuerit,
1875 3167 1876 3199 Ν

407 3189 492 3275 hoc
515 3187 701 3274 cedendo
720 3181 902 3270 retundit
915 3183 1040 3284 isium
1054 3217 1067 3280 5
1082 3214 1133 3270 ex
1146 3183 1225 3298 leui
1242 3185 1352 3300 enirn
1369 3185 1436 3274 illi
1456 3186 1679 3281 refistentii
1700 3227 1789 3283 tan.

407 3305 482 3392 diu
497 3303 668 3389 durante
679 3363 691 3402 ,
702 3303 884 3418 quandiu
900 3300 946 3384 fit
962 3303 1137 3415 partium
1151 3303 1383 3416 compreffio
1397 3365 1407 3396 ,
1419 3308 1619 3391 minuitur
1634 3315 1681 3394 in
1693 3343 1788 3428 per.

404 3411 800 3532 'cutienteimpetus3
816 3427 863 3503 ’δι
879 3417 990 3532 quod
1009 3413 1168 3531 corpori
1180 3416 1293 3502 molli
1303 3415 1526 3530 subjeiium
1548 3421 1608 3508 est
1627 3455 1789 3544 corpus,

408 3533 639 3621 levissimam
654 3533 1009 3649 impreffiontmex
1022 3533 1102 3614 ictu
1119 3529 1275 3648 recipit.
1321 3537 1387 3617 Sic
1400 3538 1507 3652 apud
1522 3539 1659 3639 Sinas,
1679 3551 1788 3630 utin

410 3649 577 3736 Atlante
599 3651 737 3733 Sinico
751 3661 843 3763 pig.
861 3679 954 3757 127.
997 3659 1038 3724 in
1053 3639 1207 3754 flumine
1221 3655 1236 3732 ,'
1246 3667 1315 3756 per
1329 3644 1422 3756 quod
1434 3646 1487 3746 tri
1503 3659 1651 3762 lenpt'ttg
1666 3667 1786 3738 navt·-

403 3785 540 3874 gatur‚
561 3757 760 3870 Catadupae
785 3783 964 3872 uquarum
990 3761 1107 3840 multa
1115 3753 1228 3874 sunt}
1257 3759 1605 3872 &periculofiffim
1624 3769 1788 3875 Syrtibus
1867 3773 1869 3852 J

407 3881 486 3961 lota
502 3933 514 3966 ,
530 3875 598 3957 duo
608 3871 804 3988 prasertim
811 3869 919 3988 propi
932 3878 1119 3986 cinglieu,
1135 3905 1223 3959 unm
1236 3881 1414 3990 Kiettlung
1424 3943 1436 3980 ‚
1448 3882 1547 3960 ulter
1560 3877 1788 4000 changtung

393 3983 541 4078 'dictur
574 3983 667 4076 ¹Cum
681 3983 1019 4100 nauestranstnnt,
1035 4019 1080 4070 ne
1092 3991 1167 4072 cuin
1180 3993 1282 4104 aqui
1300 3989 1509 4074 decidentes
1518 3991 1787 4104 fiatiiom'rr'n.

408 4129 557 4191 currant
568 4109 766 4219 periculum
775 4165 787 4204 ‚
790 4099 888 4212 sciti
896 4111 1120 4215 pramittum
1129 4111 1268 4220 aliquot
1270 4097 1460 4218 straminis
1473 4107 1618 4220 fasces,
1630 4115 1688 4195 ιδ
1702 4149 1789 4229 quos

353 4295 356 4302 .
407 4238 517 4308 navis
529 4219 650 4306 levitis
666 4227 848 4330 impingat
861 4278 870 4309 ,
884 4250 929 4300 at
942 4215 1120 4330 transeat.
1148 4225 1214 4312 Sic
1227 4226 1366 4314 ferreis
1382 4259 1678 4322 tormentorum
1690 4239 1787 4350 glo-

404 4343 465 4434 bis
478 4343 626 4457 objedi
649 4339 749 4425 sacci
766 4337 858 4426 land
876 4365 946 4424 aut
962 4335 1064 4448 terri
1080 4343 1218 4458 repleti
1239 4341 1401 4430 illorum
1422 4347 1505 4430 vim
1519 4351 1707 4450 elidunt,
1730 4387 1788 4440 ne

399 4463 564 4546 diruant
580 4487 716 4542 muros
740 4453 972 4564 hujusmodi
1001 4449 1128 4576 saccis.
1148 4465 1348 4574 proteiios
1372 4497 1382 4544 t
1407 4461 1458 4544 fic
1484 4461 1575 4548 farti
1597 4465 1786 4586 goffypio

396 4573 583 4660 thoraces
600 4604 683 4660 non
697 4571 777 4656 levi
793 4575 1048 4656 munimento
1060 4569 1151 4658 sunt
1163 4575 1490 4686 digladiantibus.
1518 4583 1622 4704 Qd
1641 4616 1783 4671 autem

390 4687 688 4780 molliussuerit
706 4715 856 4804 corpus
872 4685 1124 4805 perculsum,
1139 4695 1235 4806 quia
1255 4698 1384 4807 magis
1396 4694 1533 4797 cedit,
1552 4699 1691 4786 minus
1707 4702 1782 4785 lae·

1659 4817 1773 4901 ditur
