3780 5268
448 217 604 334 Liber
624 187 849 380 quartus.
890 227 1109 344 CAPUT
1149 235 1256 344 lx.
1429 275 1539 381 429

157 384 271 494 juxta
286 376 372 468 suas
382 375 488 468 vires
503 411 675 469 conatur
691 379 881 470 adverslrs
894 384 1015 487 onus,'
1027 393 1156 504 magis
1166 418 1327 508 premat
1340 393 1538 484 infirmio-

158 523 246 586 rem
271 497 534 614 gestatorem,
553 529 676 614 quam
697 527 949 616 premeretur
972 502 1148 590 fulcrum
1164 509 1364 593 infirmius
1379 513 1435 610 ,st
1455 511 1540 602 und

156 642 257 702 cum
274 613 467 702 validiore
479 615 610 701 fulcro
621 617 792 703 eandem
802 623 1042 732 gravitatem
1059 615 1280 710 sustineret.
1306 629 1538 748 Qiavrde·

157 731 260 818 licet
279 734 323 814 in
335 729 480 816 eddem
495 730 667 846 palanga
688 737 768 818 AB
788 739 945 823 vee’tem
968 735 1088 851 primi
1107 743 1266 850 generis
1286 745 1551 832 conliderare

157 841 445 964 pollumus‚in
460 877 544 963 quo
558 877 661 932 onus
680 851 717 934 C
734 845 920 936 deorsum
931 855 1065 938 nitens
1077 881 1218 938 contra
1229 860 1312 940 vim
1329 857 1538 968 gestatoris

158 963 311 1049 habeat
326 963 828 1080 rationemhypochhlij,
841 965 1064 1053 &validior
1079 969 1256 1080 gestator
1273 975 1310 1056 A
1328 971 1375 1055 lit
1387 1003 1542 1088 poten·

158 1078 217 1165 tia
253 1078 451 1194 repellens
483 1077 724 1192 gestatorem
745 1081 1011 1168 infirmiorem
1046 1087 1076 1165 B
1106 1113 1322 1172 conantem
1348 1089 1536 1177 adversus

158 1209 278 1292 onus,
288 1225 336 1278 at
347 1197 518 1309 proinde
530 1194 1332 1314 illumpremattquemadmodumfifuni
1347 1203 1536 1294 deorsum

159 1309 332 1397 firmiter
347 1309 513 1424 alligato
529 1308 768 1396 inlereretur
779 1311 974 1428 palanga,
993 1317 1060 1398 cui
1081 1314 1271 1400 humeros
1293 1316 1538 1430 subjicerent
1625 1351 1629 1360 ’

157 1429 246 1515 duo
265 1426 532 1540 inequalibus
545 1425 696 1512 viribus
711 1427 859 1514 sutlum
879 1455 1101 1522 conantess
1125 1429 1280 1514 constat
1293 1441 1403 1519 enim
1420 1437 1536 1522 infir-

156 1549 332 1630 miorem
347 1541 572 1628 dvalidiore
586 1549 726 1658 premi,
742 1555 783 1630 &
796 1538 874 1628 effe
884 1544 1041 1630 vedent
1052 1543 1172 1660 primi
1186 1553 1357 1658 generis.
1377 1553 1438 1637 Ex
1450 1583 1534 1668 quo

159 1661 299 1758 vides,
319 1689 393 1743 cur
407 1658 529 1776 bajuli
550 1657 645 1742 dato
663 1663 839 1744 invicem
859 1659 973 1772 ligno
991 1691 1159 1759 curent,
1179 1657 1237 1744 ne'
1269 1662 1345 1748 lter
1361 1665 1535 1764 alnetum

157 1772 384 1892 praeveniat
399 1780 441 1858 in
457 1775 650 1858 elevandi
671 1775 869 1892 palang25
889 1800 944 1858 ne
962 1773 1114 1862 seilicet
1136 1775 1207 1890 qui
1228 1685 1541 1893 sagniotlirerie

159 1894 411 2042 preffionem,
422 1921 505 1974 non
518 1889 568 1972 ab
580 1920 704 1974 onere
717 1891 854 1974 adhuc
864 1893 1281 2004 jacente&nondum
1293 1895 1538 1994 elevato,sed

160 2043 185 2093 a
198 2007 304 2092 socio
318 2003 555 2118 diligentilas
574 2003 683 2110 suam
696 2005 876 2121 palanga
890 2011 1187 2094 extremitatem
1203 2006 1411 2110 elevante,
1432 2020 1535 2100 reci·

190 2152 257 2207 tat.

160 2155 189 2240 P
219 2239 325 2321 Haec
342 2237 497 2335 eadem,
516 2267 605 2366 quat
622 2237 672 2324 de
684 2265 807 2322 onere
822 2234 1068 2332 sublevando
1080 2236 1169 2336 sunt
1187 2240 1307 2337 diua,
1324 2239 1376 2324 de
1389 2243 1540 2327 eodem

160 2353 363 2438 trahendo
378 2349 527 2467 pariter
553 2353 861 2469 intelligantur,
886 2353 1038 2436 livesti
1062 2352 1264 2468 illigatum
1282 2356 1330 2438 lit
1345 2387 1472 2471 onus«,
1494 2369 1536 2444 ὅ(

161 2475 288 2554 vet'lis
305 2467 625 2554 extremitatibus
646 2496 866 2579 viungantur
880 2469 1086 2554 trahentes
1104 2507 1116 2554 t
1133 2476 1400 2556 horumemm
1416 2501 1545 2554 cona·

162 2615 230 2674 tus,
241 2577 318 2668 elle
334 2611 492 2698 oportet
505 2584 766 2698 permutatim
791 2589 834 2665 in
850 2585 1027 2668 Ratione
1039 2586 1318 2670 distantiarum
1333 2583 1383 2668 ab
1398 2615 1539 2684 onere,

162 2703 244 2786 hoc
261 2697 321 2782 est
332 2695 356 2781 d
369 2697 493 2784 vectis
506 2703 748 2812 pundocui
766 2701 1117 2784 onusadneclitur.
1140 2703 1185 2784 ld
1200 2729 1281 2784 non
1295 2701 1376 2784 sine
1386 2703 1537 2812 jucun·

160 2817 207 2902 dl
221 2815 400 2930 quadam
414 2817 537 2898 animi
549 2813 777 2931 titillatione
792 2813 876 2896 vidi
888 2814 1108 2930 aliquando
1118 2814 1370 2898 observatum
1382 2825 1406 2898 ἐι
1419 2815 1535 2900 rusti·

162 2935 305 3046 co,qui
318 2929 480 3014 alterius
491 2959 689 3045 equorum
701 2957 864 3036 curtum
877 2931 1123 3019 trahentium
1133 2926 1345 3042 defatigati
1356 2927 1538 3016 laborem

164 3048 383 3144 miseratus,
396 3042 730 3140 transversarium,
741 3042 809 3128 eui
821 3043 940 3128 amb'o
951 3045 1347 3160 adjungebantur,ita
1359 3045 1535 3130 transtu-

161 3165 271 3262 lit,ut
288 3161 330 3244 in
349 3189 479 3274 partes
496 3159 744 3274 inaequalesd
764 3167 928 3244 'temone
944 3160 1293 3272 distingueretur,
1317 3172 1357 3246 δι
1375 3159 1539 3272 longior

164 3274 428 3391 transversarij
444 3305 531 3392 pars
545 3282 594 3361 ad
608 3275 846 3392 debiliorem
855 3304 1008 3389 equum
1020 3273 1223 3391 speclaret.
1234 3281 1396 3358 Inerant
1410 3276 1534 3390 liqui·-

162 3396 261 3480 dem
273 3389 547 3476 transversario
557 3397 631 3474 tria
641 3389 849 3498 foramina,
859 3414 933 3506 per
945 3423 1034 3508 quae
1048 3393 1200 3475 temoni
1212 3389 1540 3476 nestebaturfet-

165 3541 234 3595 reo
248 3507 508 3600 elatorunum
522 3509 688 3620 quidem
700 3504 1095 3620 planemqualiterab
1109 3503 1540 3591 extremitatibusabe-

163 3653 236 3724 rat,
250 3621 406 3739 reliqua
418 3624 501 3707 duo
513 3624 612 3706 hinc
629 3632 669 3708 δι
685 3622 784 3705 hinc
796 3617 967 3722 almedio
980 3619 1180 3704 distabant
1191 3621 1354 3706 modico
1368 3623 1540 3736 quidem

165 3739 230 3842 sed
243 3764 428 3854 congruo
443 3737 678 3832 intervallo,
694 3761 739 3818 ut
752 3735 779 3818 sr
791 3731 922 3851 equus
936 3733 1386 3846 dexterdefatigaretur,
1399 3737 1538 3821 clavus

165 3853 451 3940 immitteretur
465 3851 620 3936 finistro
640 3849 826 3934 foramini
843 3912 855 3948 ,
874 3877 945 3933 aut
967 3881 1108 3934 contra
1131 3853 1306 3948 dextro,
1335 3849 1360 3932 fi
1383 3849 1540 3936 finister

162 3991 293 4086 equus
307 3967 540 4082 languidius
556 3967 744 4052 traheret.
766 3959 1049 4052 Verluncautl:
1063 3967 1223 4052 modica
1237 3964 1445 4048 intervalla
1460 3966 1535 4050 de·
1598 4023 1615 4044 f

166 4086 340 4185 linierat,
353 4115 404 4174 nt
420 4091 544 4172 nimia
560 4085 676 4166 fieret
689 4108 990 4166 momentorum
1004 4081 1252 4198 inaequalitas
1267 4111 1282 4171 3,
1299 4077 1413 4192 quod
1426 4085 1538 4178 enim

166 4202 279 4288 alteri
297 4231 496 4316 equorum
508 4198 653 4284 laboris
671 4196 925 4294 demebatur,
940 4199 1164 4283 addebatur
1178 4191 1350 4306 reliquo.
1445 4269 1449 4280 ,

283 4319 406 4401 tando
419 4343 658 4400 autemnon
671 4311 1162 4428 palangddeferturonus,
1175 4305 1540 4422 sedipsumimtne·

165 4431 277 4518 diate
300 4431 496 4520 aduobus
514 4427 740 4526 sustinetur,
754 4431 897 4516 eaden
910 4425 1066 4545 prorsus
1078 4427 1138 4511 est
1150 4421 1458 4540 philosophandi
1473 4455 1537 4526 ra-

131 4639 136 4651 ,
169 4550 253 4642 tior
270 4546 602 4663 quandoquidem
623 4544 684 4629 est
700 4545 1002 4658 quodammodo
1016 4571 1122 4625 onus
1140 4538 1246 4626 sedi
1264 4541 1543 4647 conjune‘lum,

151 4659 290 4779 'atque
304 4668 422 4776 juxta
436 4658 561 4750 sestis
578 4659 883 4774 longitudinem
899 4657 1190 4860 dillributtppil
1201 4661 1419 4864 hQamvis
1438 4649 1543 4743 veto
