3818 5264
355 229 429 348 92
617 206 620 212 ’
742 281 744 286 ,
808 179 1239 300 Mechanicomm

347 366 383 452 'F
394 364 437 445 D
449 357 486 442 C
499 347 745 442 adRadium
758 383 771 446 3
786 353 857 466 qui
875 354 987 435 enim
1001 345 1169 434 sustinet
1176 373 1322 459 grave,
1333 345 1435 430 dum
1444 338 1733 438 descenditin·

312 542 319 558 ,
352 476 570 568 clinatum,
589 465 715 554 habet
731 471 931 552 rationem
939 463 1049 582 plani
1068 463 1265 548 inclinati.
1290 465 1442 574 Neque
1455 463 1499 548 id
1510 469 1732 552 mirumvi·

350 593 439 678 deri
457 587 607 686 debet,
627 585 963 698 quandoquidem
987 581 1207 698 plurimum
1232 575 1381 677 refert,
1403 605 1457 662 an
1475 607 1548 696 per
1564 583 1734 696 planum

350 707 395 791 D
410 706 451 792 G
470 733 524 788 an
539 697 640 788 verb
659 728 736 816 per
753 701 849 785 DC
867 699 914 782 stt
923 699 1210 782 determinatio
1226 695 1278 780 ad
1294 719 1453 778 motum
1469 755 1481 792 ,
1500 707 1543 782 &
1559 697 1638 814 qual
1664 729 1730 784 ra.

351 827 465 908 tione
481 816 676 905 sustinens
690 843 920 930 opponatur
938 817 1078 900 virtuti
1092 815 1284 896 motivae:
1310 821 1435 926 quare
1456 809 1551 902 clun
1572 813 1737 902 diverse

351 943 507 1023 ratione
523 958 752 1051 opponatur
769 935 899 1015 inotui
920 936 1028 1014 circa
1052 955 1240 1012 centrum
1256 925 1294 1011 C
1309 987 1322 1024 ,
1340 955 1389 1010 ac
1401 933 1530 1028 motui
1550 959 1623 1046 per
1645 929 1736 1047 pla·

350 1085 453 1141 num
470 1055 513 1136 D
531 1061 589 1148 C,
606 1055 727 1134 etiam
745 1045 878 1162 dispar
890 1051 968 1129 erit
979 1050 1025 1128 in
1043 1041 1276 1128 sustinendo
1285 1041 1514 1128 difficultas.

397 1173 458 1258 Ex
479 1169 568 1268 bis,
590 1193 679 1280 quae
698 1161 785 1248 tum
802 1167 909 1260 hoc,
930 1160 1018 1248 tlsm
1036 1157 1226 1276 superiori
1256 1163 1388 1274 capite
1404 1155 1604 1274 disputata
1622 1159 1733 1264 sunt,

350 1286 479 1375 habes
497 1283 597 1400 quid
611 1277 859 1366 funambulis
875 1275 1114 1392 respondeas
1127 1273 1308 1360 volatum
1321 1279 1483 1360 menu‘n'
1493 1277 1734 1364 meditanti-

232 1449 237 1460 ·
352 1405 452 1501 bus,
470 1431 565 1485 cum
584 1401 745 1514 pedore
762 1392 987 1477 insistentes
1001 1390 1259 1476 intentofuni
1273 1449 1284 1488 ‚
1298 1391 1473 1476 didustis
1490 1393 1674 1500 cruribus
1688 1407 1734 1485 &

350 1517 524 1606 extensis
548 1516 751 1610 brachiis,
767 1537 915 1624 ‘corpus
935 1503 1157 1624 aequalibus
1173 1511 1390 1590 momentis
1414 1507 1587 1609 librant,
1605 1507 1733 1627 se'que

340 1665 403 1722 *ex
421 1632 530 1726 edital
549 1636 648 1718 turri
667 1636 710 1714 in
725 1623 1003 1740 deprellrorem
1028 1621 1166 1707 locum
1187 1625 1543 1738 praecipitesdants
1562 1625 1590 1709 sr
1609 1627 1733 1731 forte,

352 1743 769 1864 nt1noverint,qudm
789 1738 933 1825 solidus
950 1733 1030 1823 effe
1047 1737 1195 1824 debeat
1211 1767 1259 1822 ac
1273 1738 1429 1822 validus
1441 1737 1573 1840 funis,
1587 1773 1671 1858 qno
1683 1750 1737 1830 iis

355 1863 645 1965 utendumest‚
660 1881 865 1982 quaerant,
888 1857 1049 1972 quantis
1064 1859 1281 1938 momentis
1299 1879 1444 1969 corpus
1469 1883 1617 1968 urgeat
1637 1859 1735 1946 sub-

696 2013 705 2024 =
806 1973 962 2086 jedum
974 1971 1129 2056 funem.
1170 1969 1282 2054 Datrl
1296 1976 1406 2054 enim
1418 1977 1536 2056 turris
1547 1973 1735 2062 altitudi-

378 2025 415 2121 B
805 2115 860 2170 ne
876 2089 961 2172 BD
978 2117 991 2182 ·,
1009 2077 1051 2171 de
1067 2085 1317 2199 depressioris
1336 2085 1438 2186 loci,
1456 2093 1499 2171 in
1514 2119 1638 2203 quem
1653 2093 1733 2178 de-

804 2199 1088 2286 scendendum
1101 2203 1160 2285 est
1176 2263 1188 2300 ,
1203 2199 1392 2286 distantis
1409 2205 1453 2285 D
1466 2205 1517 2302 C,
1528 2205 1737 2296 correers-

430 2072 609 2521 ὗ
805 2345 888 2432 que
905 2321 951 2400 in
972 2313 1334 2402 summambarum
1352 2319 1578 2432 quadratis,
1597 2323 1735 2410 Radix

377 2467 422 2554 ῃ
465 2352 725 2533 ΑΛ
810 2433 973 2519 summat
993 2430 1736 2546 dabitBCfitnislongitudinemsesr

367 2539 571 2617 ·⁷
813 2545 895 2663 qud
913 2546 1161 2631 srauferatur
1178 2549 1261 2630 ΒΧ
1282 2552 1401 2630 turris
1412 2547 1618 2636 altitudini
1648 2559 1737 2640 BD

369 2697 416 2786 0
432 2537 728 2841 W
807 2661 996 2778 aequalis,
1016 2665 1179 2748 eritbC
1194 2661 1320 2747 divisa
1338 2667 1382 2745 in
1401 2665 1733 2778 Xjuxthatio-

375 2805 419 2888 q·
806 2807 903 2864 nem
920 2804 1349 2894 momentorumque
1365 2789 1543 2895 corporis
1555 2791 1737 2896 gravitas

816 2921 981 2978 exercet
1004 2899 1049 2978 in
1066 2893 1187 3009 plano
1202 2897 1423 2989 inclinato,
1436 2906 1478 2982 δι
1498 2903 1541 2984 in
1564 2899 1738 3014 planum

355 3007 611 3098 inclinatum.
641 3008 707 3090 Sic
719 3003 942 3117 posrtlBD
955 3009 1069 3124 pedr
1083 3041 1162 3123 50,
1184 3019 1226 3108 ὃς
1246 3011 1338 3092 DC
1356 3011 1447 3123 ped.
1466 3047 1561 3112 200,
1575 3019 1652 3102 BC
1671 3018 1740 3104 est

356 3129 475 3246 pedz
485 3157 560 3233 50:
584 3149 635 3206 ex
660 3123 742 3238 qual
768 3121 797 3204 sr
815 3123 1020 3212 auferatur
1033 3127 1112 3208 BD
1124 3183 1140 3224 ,a
1155 3128 1233 3208 erit
1251 3127 1329 3207 ΒΧ
1348 3155 1361 3206 1
1373 3155 1450 3230 50,
1469 3137 1510 3214 ὅ(
1528 3133 1616 3215 XC
1636 3125 1745 3221 100}

358 3251 496 3329 Statue
519 3265 656 3338 autem
684 3239 807 3326 totius
837 3244 1043 3354 gravitatis
1067 3245 1246 3356 corporis
1269 3237 1496 3327 funambuli
1525 3245 1736 3336 momenta
1797 3261 1802 3273 ¹

361 3393 441 3446 220
460 3391 472 3451 ς
494 3357 583 3442 haee
598 3353 832 3439 dividantur
847 3357 1001 3440 induas
1019 3384 1178 3471 partes,
1194 3385 1367 3472 quarum
1378 3361 1736 3480 majt'srsrtsesqui-

357 3474 482 3560 altera
492 3473 679 3568 minoris,
693 3469 795 3554 sicut
812 3472 891 3553 ΒΧ
911 3475 1076 3556 inventa
1089 3469 1150 3555 est
1167 3471 1285 3584 ipsius
1304 3475 1392 3555 XC
1413 3471 1676 3590 sel'quidtera,
1690 3491 1734 3568 ὅ(

356 3617 479 3677 erunt
495 3611 704 3672 momenta
719 3587 888 3702 quidem
905 3589 958 3672 ad
980 3584 1312 3674 descendendum
1331 3593 1376 3672 in
1395 3589 1517 3702 pla'no
1534 3595 1736 3682 inclinato

362 3723 466 3814 132',
484 3729 692 3788 momenta
709 3697 809 3786 verb
823 3704 1099 3814 gravitationis
1125 3705 1169 3786 in
1189 3701 1354 3818 planum
1370 3705 1609 3795 inclinatum
1624 3773 1635 3810 ‚
1650 3713 1737 3798 hoc

357 3823 418 3910 est
435 3825 479 3908 in
498 3817 720 3932 subjeetum
734 3815 901 3918 funem,
923 3827 988 3906 88.
1007 3819 1113 3912 Haec
1138 3847 1276 3905 tamen
1285 3819 1552 3933 intelligenda
1572 3823 1664 3912 sunt
1684 3829 1736 3916 ea

355 3937 459 4027 faeta
478 3933 707 4050 hypothesi,
724 3929 842 4048 qubd
860 3933 968 4019 funis
983 3932 1090 4019 redd
1110 3961 1290 4021 rntentus
1308 3963 1562 4050 permaneret
1580 3979 1592 4026 ε
1609 3973 1736 4029 caete-

357 4055 563 4156 rbmgutn
576 4047 770 4160 &suopte
788 4051 990 4165 pondere,
1005 4059 1047 4136 δι
1060 4048 1132 4136 sub
1148 4051 1320 4166 impoliti
1332 4057 1629 4168 corporismole
1647 4056 1738 4146 sub-
1904 4089 1905 4094 ‘

356 4170 481 4265 sidat,
498 4195 621 4284 atque
636 4161 889 4263 inflectatur,
900 4161 1116 4280 praesertim
1128 4163 1237 4254 circi
1249 4168 1452 4265 medium,
1468 4167 1557 4257 satis
1570 4185 1740 4292 apparet
1900 4195 1902 4202 '

354 4285 498 4370 adhue
510 4287 705 4397 majorem
722 4277 886 4393 subjeeli
900 4278 1011 4393 plani
1029 4279 1624 4375 inclinationemaestimandam
1641 4287 1739 4391 elle,

357 4402 484 4516 quim
505 4428 595 4513 qnae
616 4429 668 4484 ex
682 4395 897 4484 altitudine
914 4399 1001 4480 DB
1019 4407 1062 4484 δι
1079 4396 1268 4484 distantial
1285 4399 1376 4484 DC
1393 4399 1611 4504 inferatur,
1631 4413 1738 4524 quin

362 4511 529 4602 &illam
545 4541 623 4628 pro
637 4509 795 4600 diversl
814 4513 866 4601 ab
877 4511 1199 4600 extremitatibus
1211 4512 1401 4630 distantid
1415 4513 1585 4608 subinde
1599 4550 1738 4608 muta*

357 4635 416 4734 ri,
429 4659 478 4716 ac
484 4629 660 4746 proinde
672 4629 856 4722 validiori
872 4629 972 4720 fune
988 4658 1090 4746 opus
1102 4623 1196 4722 ell'e.
1408 4749 1411 4758 ι
1512 4704 1550 4835 ,C
1676 4669 1680 4674 ·
