3780 5270
291 239 293 246 ·
382 199 483 349 ςέο
737 211 743 226 ·
860 179 1293 312 Meclanicarum·
1383 213 1467 263 “’

385 387 495 446 trum
516 417 528 454 ,
552 350 620 440 scd
646 348 766 439 valde
794 354 1018 448 notabilem
1044 359 1129 442 axis
1158 381 1313 472 partem
1337 379 1544 468 occupant
1569 351 1761 468 palmul‘u,

384 467 493 562 aded
516 466 633 586 juxti
651 476 736 554 axis
757 467 1057 582 longitudinem
1082 469 1296 586 expanfis,
1321 497 1367 554 ut
1386 463 1411 553 ai
1431 467 1560 554 multi
1584 470 1691 584 aquai
1711 471 1761 583 in,

389 589 476 676 illas
490 593 721 672 incurrente
742 583 938 671 validiore
949 583 1122 701 impulsu
1138 583 1478 696 circumagantur.
1523 583 1589 672 Sic
1612 590 1658 670 in
1678 591 1762 698 ΡειηΙ

388 706 445 804 do
476 703 747 788 communiter
783 705 898 810 Rotae
933 703 1055 810 hujus
1090 701 1307 816 longitudo
1336 700 1395 784 est
1430 699 1668 788 cubitorum·
1689 733 1762 814 ro„

389 822 586 909 diameter
607 841 692 900 tota
711 815 940 902 cubitorum
967 829 993 902 6
1018 849 1031 912 3
1059 819 1228 906 interior
1257 845 1344 902 rota
1369 813 1615 902 diametrum
1635 815 1764 930 habet

391 933 519 1020 cubit.
532 965 552 1042 5
571 935 617 1041 ξ,
639 931 781 1016 dentes
803 943 880 1020 108
906 931 1027 1048 plano
1052 933 1231 1034 infixos,
1257 943 1298 1020 &
1323 931 1439 1016 molae
1465 927 1690 1016 curriculus
1716 932 1764 1030 in

308 1079 310 1085 ’
389 1063 496 1154 fusos
520 1097 554 1172 9w
571 1057 861 1172 distinguitur
888 1055 987 1174 lapis
1007 1085 1143 1152 autem
1166 1053 1326 1145 molaris
1350 1055 1395 1140 in
1413 1056 1670 1146 crassitudioe
1686 1089 1766 1160 ntra

391 1206 519 1268 metat
546 1173 686 1262 uncias
712 1186 737 1260 6
761 1200 832 1274 aut
858 1203 916 1280 7,
952 1177 997 1258 in
1027 1174 1223 1268 diametro
1247 1171 1406 1258 cubitos
1436 1179 1509 1286 ²2²·
1555 1177 1669 1290 Quia
1688 1203 1766 1271 ve-¹

393 1317 442 1408 ri)
460 1347 576 1436 aquae
599 1345 651 1402 ex
674 1313 757 1400 alto
783 1313 963 1398 cadentis
987 1339 1122 1396 motus
1155 1309 1368 1421 major-est
1393 1306 1518 1426 quim
1550 1309 1769 1428 profluens

394 1441 484 1534 tis,
515 1458 725 1550 propterea
754 1455 930 1512 rotarum
957 1426 1153 1512 diameter
1183 1424 1356 1542 amplior
1383 1427 1501 1511 statui
1531 1425 1704 1542 potest‘,
1736 1427 1771 1512 su

395 1581 497 1667 opus
520 1546 676 1646 fuerit,·
708 1555 749 1631 δι
775 1540 1040 1660 palmularum
1058 1539 1232 1628 latitudo
1250 1541 1384 1628 ‘valde
1415 1541 1632 1626 mediocris
1654 1539 1770 1626 sulii-r

396 1672 481 1764 eit,
505 1657 833 1779 quippeinclusa
862 1655 993 1742 canali
1019 1719 1030 1757 ,
1055 1687 1128 1774 per
1154 1686 1278 1770 quem
1306 1687 1411 1772 aqua
1434 1658 1630 1742 decidens
1659 1657 1764 1742 labi·

397 1809 492 1865 tur:
522 1779 682 1863 modica
704 1772 856 1860 scilicet
886 1801 992 1886 aqua
1017 1801 1088 1888 per
1107 1771 1275 1888 planum
1294 1781 1422 1882 magis
1439 1771 1645 1856 elevatum
1667 1800 1762 1887 ‘pro-

245 1917 247 1922 '
311 1963 314 1968 a
394 1885 504 2022 lapsa
530 1893 682 2000 majora
708 1889 834 1976 habet
862 1915 1097 1985 momenta,
1127 1884 1249 2002 quim
1277 1915 1350 2003 per
1373 1886 1539 2004 planum
1565 1885 1657 1971 sere
1688 1891 1764 1971 lao-

396 2006 626 2096 montale:
654 2015 697 2092 &
721 2023 1019 2120 praeterea'tota
1054 2001 1254 2114 amplioris
1284 2001 1470 2086 diametri
1492 2000 1764 2088 facilins-vol.

285 2115 299 2134 “
397 2131 508 2214 vitur
543 2119 667 2208 etiam
695 2115 719 2204 al
749 2117 906 2204 minore
940 2111 1085 2232 aqud,
1128 2147 1223 2202 nam
1254 2118 1306 2202 ad
1342 2114 1577 2202 interiorem
1616 2143 1766 2217 rotam,

397 2241 550 2326 caeteris
570 2234 769 2352 paribus,
798 2232 924 2319 habet
949 2237 1140 2346 majorem
1166 2236 1395 2316 Rationem.
1449 2229 1578 2317 Porri)
1606 2232 1766 2347 palmuq

398 2355 446 2463 lae
485 2353 755 2438 communiter
795 2350 964 2465 quidem
999 2347 1126 2462 planae
1162 2345 1297 2444 sunt,
1337 2375 1407 2434 aut
1441 2377 1525 2431 non
1561 2347 1636 2430 nisr
1675 2377 1765 2431 mo-

398 2467 495 2560 dice
522 2469 684 2552 finuatae
717 2525 728 2562 ,
761 2465 818 2550 ita
844 2491 891 2547 ut
914 2491 1021 2575 aqua
1058 2463 1158 2546 hinc
1183 2462 1435 2575 atque-hinc
1470 2459 1629 2558 diffluat
1652 2493 1666 2554 ς
1693 2461 1765 2546 ali·

399 2585 566 2700 quando
599 2574 891 2687 tamenlimbo
925 2607 976 2660 ex
1007 2604 1176 2693 utraque
1205 2605 1318 2694 parte
1346 2576 1682 2674 concluduntur,
1726 2592 1766 2666 δι

401 2699 513 2816 quast
534 2693 692 2782 vascula
712 2722 860 2807 aquam
887 2691 1126 2805 aliquandiu
1158 2697 1407 2791 continent,
1432 2721 1478 2776 ut
1508 2692 1631 2808 ipsius
1656 2723 1765 2809 aque

400 2810 565 2901 inclusae
588 2814 760 3010 pravitas
783 2805 1086 2894 conversionem
1108 2805 1417 2914 juvetdeorltrm
1441 2810 1637 2920 urgendo.
1685 2811 1768 2896 Ad·

401 2931 455 3020 de
477 2935 520 3012 in
545 2932 629 3042 ipo
652 2921 781 3009 canali
810 2921 1006 3008 inclinato
1031 2921 1199 3031 majores
1218 2917 1297 3006 else
1324 2921 1429 3008 vires
1454 2953 1568 3038 aqua:
1592 2927 1635 3006 in
1661 2917 1768 3039 pa'rte

401 3045 615 3144 inferiore,
639 3031 764 3156 quim
777 3037 826 3121 ‘in
843 3035 1044 3152 superiore
1063 3037 1198 3152 prope
1212 3041 1372 3126 initium
1389 3033 1502 3122 cassas
1519 3072 1532 3132 t
1551 3038 1649 3152 quia
1663 3041 1768 3124 vide-

402 3160 501 3248 licet
525 3185 630 3269 aqua
644 3153 878 3239 naturaliter
894 3149 1141 3238 descendens
1158 3179 1316 3237 motum
1343 3153 1466 3238 habet
1488 3153 1768 3252 acceleratum,

397 3285 447 3364 ἃ
462 3303 512 3358 err
527 3271 793 3354 antecedente
811 3264 1001 3352 descensu
1017 3267 1230 3382 acquisrvit
1243 3266 1454 3384 impetum.
1623 3263 1630 3270 ’

403 3425 407 3433 ·
463 3388 672 3473 Haemus
693 3381 962 3480 Molendina‚,'
984 3408 1074 3496 quae
1100 3411 1296 3497 aquarum
1320 3387 1360 3466 vi
1388 3409 1566 3495 aguntur
1587 3383 1768 3470 conlide-

406 3507 580 3608 ravimus
598 3561 609 3599 ,
619 3498 735 3602 nihil
759 3499 953 3586 addentes
977 3495 1131 3594 desis,
1161 3527 1250 3612 quae
1271 3497 1322 3584 ab
1344 3497 1608 3596 hominibus,
1632 3522 1705 3584 aut
1722 3500 1769 3582 ab

404 3617 644 3708 animalibus
664 3615 907 3712 volvuntur,
922 3611 1027 3698 nihil
1039 3612 1149 3700 enim
1166 3616 1254 3698 haec
1272 3613 1426 3698 habent
1447 3615 1653 3730 peculiare
1673 3641 1768 3730 prae·

405 3728 591 3849 terquim
614 3731 824 3844 quod-axis
846 3733 982 3842 primas
1002 3756 1096 3811 rota
1109 3789 1121 3827 ,
1143 3757 1232 3848 quat
1255 3733 1408 3812 caeteris
1432 3727 1772 3843 consequentrbus

407 3847 596 3936 membris
613 3873 768 3928 motum
783 3842 995 3942 conciliat,
1006 3841 1066 3926 est
1077 3845 1280 3930 horizonti
1296 3843 1664 3959 perpendiculum„
1682 3842 1779 3962 quing

408 3969 588 4086 potentia
602 3955 757 4046 facilius
776 3965 820 4040 in
837 3957 957 4070 plano
978 3958 1220 4044 horizontali
1235 3989 1447 4058 movetur,
1465 3957 1589 4074 quim
1607 3960 1650 4044 in
1668 3971 1778 4072 aym-L

408 4111 514 4199 pano
533 4073 751 4173 Verticali,
772 4077 885 4188 quod
908 4073 1157 4174 calcaretur,
1188 4087 1231 4164 δὲ
1252 4073 1344 4161 loco
1368 4075 1577 4160 exterioris
1604 4104 1699 4160 rotae
1723 4075 1781 4168 'abB

407 4193 513 4311 aqui
530 4189 718 4308 propulsa
732 4193 855 4274 vedis
869 4195 934 4274 axi
954 4189 1163 4310 infigitur,
1180 4223 1302 4309 quem
1314 4223 1385 4278 aut
1397 4195 1581 4304 jumenta
1594 4193 1780 4301 trahunt„

404 4339 476 4399 aut
496 4307 682 4392 homines
698 4327 855 4422 urgent.
1133 4399 1135 4402 v
1609 4411 1612 4415 Ι
1773 4386 1778 4395 ,

402 4477 403 4480 ¹
466 4421 635 4539 Aliquid
662 4451 795 4506 tamen
829 4419 1086 4509 innuendum
1115 4424 1168 4510 de
1197 4421 1485 4519 Molendinis,
1526 4453 1618 4536 quae
1652 4451 1776 4508 vento

400 4568 613 4654 aguntur„
641 4537 720 4622 live
739 4539 791 4624 ad
810 4540 1144 4628 comminuendas
1166 4541 1328 4652 fruges,
1349 4538 1436 4628 srse
1456 4543 1580 4626 eriam
1610 4543 1662 4626 ad
1685 4545 1779 4650 agir

1635 4648 1769 4742 modas
