3800 5266
426 205 584 324 Liber
599 210 825 366 quintili.
861 209 1081 350 Canuti
1102 219 1204 330 Vl.
1402 255 1507 366 545,

119 379 182 466 ad
191 381 352 464 motum
364 378 579 490 pooentiae,
595 383 637 460 δι
653 368 863 486 reciproce
873 369 932 458 ita
942 379 1134 488 potentiae
1151 383 1215 464 vie
1225 384 1438 484 morendi,
1452 385 1508 473 ad

122 495 305 612 pondus.
334 486 1413 612 Quteulterilumaniscstumcsl,srmajotepoteutiae
1428 506 1516 592 vir..

125 637 220 694 tute
235 637 337 724 opus
350 605 495 704 firerit,
518 599 690 721 speclari
703 603 893 719 ponderis
911 607 1108 692 movendi
1121 611 1383 716 difficultate,
1396 612 1508 730 posse

123 725 273 839 augeri
289 720 569 821 manubrium,
590 748 637 806 ut
648 727 800 835 majora
814 720 891 804 srnt
966 726 1101 808 teetiae
1121 753 1338 818 momenta.
1384 737 1506 846 Qu.

125 835 352 928 niamrerd
365 865 451 922 non
461 834 667 952 semperin
682 864 871 950 promptu
880 841 921 920 el
951 844 1508 949 opportunummanubrium,

125 955 340 1042 suaderem
352 951 579 1038 extremum
591 949 676 1038 axis
690 951 946 1068 capunquod
961 955 1176 1040 manubrio
1189 956 1389 1060 inseritur,
1403 993 1506 1077 qua·

51 1107 53 1112 ¹
125 1067 780 1180 dratumfieri‚&longiusculum
790 1064 869 1154 eise
888 1101 898 1148 ε
916 1061 1154 1156 locoautem
1169 1073 1345 1184 vulgaris
1358 1107 1508 1164 manu-

126 1185 208 1294 brtj
231 1187 430 1274 habeatur
443 1185 631 1270 crassioris
652 1182 824 1296 cylindri
842 1179 1056 1270 frustulum
1079 1185 1209 1283 MN,
1230 1191 1272 1272 in
1292 1199 1409 1298 cujus
1425 1194 1514 1284 ime
1545 1231 1554 1250 ·

127 1303 209 1390 ban
226 1310 332 1388 circa
347 1327 782 1388 centrumexcavatum
797 1297 844 1382 sit
856 1295 1289 1412 quadratumsoramen
1304 1309 1508 1398 Sadexci·

127 1421 331 1535 piendum
346 1420 592 1534 capotenus,
611 1425 653 1502 &
668 1421 679 1498 i
682 1415 789 1530 pfius
803 1411 975 1528 cylindri
992 1409 1157 1529 scapum
1168 1442 1383 1531 penetrent
1395 1425 1512 1514 fora..

126 1535 243 1620 mina
260 1535 434 1620 rotunda
454 1537 507 1630 R,
521 1536 574 1632 T,
584 1531 733 1646 quibus
748 1559 822 1646 pro
836 1536 1139 1644 opportunitate
1148 1529 1266 1618 inseri
1279 1537 1421 1652 poffint
1432 1543 1509 1628 ba-

128 1649 216 1735 culi
235 1650 319 1734 five
341 1647 574 1761 longiores,
594 1649 673 1732 five
691 1646 905 1730 breviores.
949 1640 1078 1730 Porro
1108 1646 1279 1758 cylindri
1299 1655 1507 1744 crassitiem

129 1764 240 1850 nihil
256 1759 389 1849 obesse
399 1762 539 1880 aperte
553 1762 729 1859 constat,
748 1760 954 1875 siquidem
966 1755 1047 1846 sola
1064 1762 1202 1850 rotulae
1215 1759 1508 1868 semidiameter

127 1881 355 1966 attenditur
366 1881 419 1964 ad
431 1871 712 1964 definiendum
724 1877 914 1992 ponderis
928 1903 1086 1962 motum
1097 1909 1324 1995 comparata
1333 1915 1429 1978 cum
1439 1887 1508 1974 ba·

130 1995 214 2080 culi
232 1995 713 2110 lungitudine‚qtutenus
731 1994 914 2108 potentia
930 1990 981 2076 ab
992 2022 1067 2078 axe
1080 1995 1216 2080 totulae
1233 1999 1364 2086 distat.

189 2113 320 2232 Qud
342 2111 469 2196 fiuno
491 2105 720 2222 eode'mque
745 2107 1022 2220 temporeduo
1040 2112 1221 2225 pondera
1247 2117 1290 2196 in
1307 2115 1506 2232 oppofitae

128 2247 265 2344 partes
279 2223 511 2341 dispellere,
527 2253 598 2310 aut
613 2227 685 2310 fibi
699 2225 877 2310 invicem
893 2227 1080 2338 propiora
1090 2225 1177 2310 fieri
1190 2259 1217 2312 o
1272 2233 1504 2332 tteat,srmi·

128 2345 214 2428 lem
226 2342 390 2426 alteram
404 2340 728 2456 laminampriori
742 2335 968 2454 parallelum
977 2343 1021 2424 in
1034 2341 1180 2428 eodem
1216 2255 1506 2434 linosedcon-

131 2464 254 2542 trario
266 2460 391 2544 modo
407 2459 575 2572 positam
605 2463 677 2550 (ut
694 2455 847 2540 scilicet
857 2457 1087 2541 extremitas
1104 2373 1239 2544 similis
1257 2458 1332 2576 ipsr
1362 2465 1503 2552 ACD

130 2569 317 2690 respiciat
342 2573 484 2688 prioris
508 2571 665 2658 laminae
681 2575 977 2657 extremitatem
1004 2576 1059 2667 B)
1088 2572 1135 2658 in
1157 2577 1335 2689 opposui
1365 2579 1507 2667 rotula

131 2719 245 2811 parte
262 2687 415 2776 colloca
426 2691 477 2774 ad
495 2694 528 2787 1,
541 2715 585 2772 ut
600 2685 914 2804 pariterlaminae
925 2687 1069 2772 dentes
1081 2689 1216 2774 rotule
1225 2692 1416 2782 dentibus
1426 2693 1504 2778 im-

131 2804 337 2920 plicentur
358 2843 368 2888 ε
398 2809 508 2924 Qria
520 2801 631 2888 enim
644 2802 785 2889 circuli
805 2807 913 2890 circa
931 2797 1046 2891 suum
1064 2831 1249 2892 centrum
1270 2806 1505 2900 circumacti

131 2949 264 3035 partes
281 2921 451 3008 adversae
468 2921 657 3034 oppositis
667 2919 844 3004 motibus
854 2922 1026 3016 cientur,
1039 2925 1162 3006 etiarn
1176 2921 1414 3010 laminarum
1428 2957 1504 3012 ex-

131 3039 380 3134 tremitates,
399 3067 488 3151 quae
505 3038 663 3149 pondus
680 3033 1003 3148 propellunt·aut
1014 3037 1181 3122 trahunt
1198 3095 1210 3135 ‚
1228 3041 1270 3120 in
1286 3045 1506 3128 contrariae

129 3180 263 3266 partes
276 3149 300 3236 i
313 3153 442 3238 rotuli
456 3153 695 3238 circumuehi
707 3175 937 3247 moventur,
946 3152 1001 3234 ita
1014 3177 1059 3232 ut
1073 3148 1136 3236 vel
1151 3146 1226 3234 ise
1242 3155 1419 3240 invicem
1433 3187 1502 3243 re.

132 3269 282 3352 cedant
293 3329 304 3366 ‚
317 3267 381 3354 vel
398 3265 499 3354 adse
512 3265 660 3354 mutud
673 3267 881 3354 accedant.

169 3384 268 3468 Hoc
281 3385 389 3469 idem
403 3385 514 3499 quod
528 3381 815 3470 laminaerettae
827 3383 1000 3468 dentatae
1012 3407 1204 3496 tympano
1216 3381 1395 3472 similiter
1405 3389 1504 3478 den-

129 3527 217 3586 rato
228 3497 432 3614 implicitae
453 3495 656 3612 contingit
667 3499 897 3598 ,occideret
907 3493 1069 3612 pariter,
1079 3491 1112 3579 ii
1128 3497 1234 3583 illius
1252 3501 1505 3594 incirculum

128 3613 523 3700 inflexaeextremam
532 3643 643 3700 oram
654 3617 796 3700 dentes
808 3613 1381 3727 ambirentzquemadmodurn
1392 3622 1504 3709 enim

130 3733 238 3818 resia
249 3729 399 3816 iamim
415 3735 508 3829 AB,
523 3735 703 3844 tympani
722 3734 793 3816 HI
813 3728 994 3814 conversi
1005 3727 1376 3846 dusiumsequitun
1384 3734 1441 3821 ita
1457 3737 1504 3822 il

128 3849 236 3934 lain
265 3845 464 3932 circuitum
490 3844 738 3932 conformata
763 3846 871 3930 circa
890 3843 1007 3930 suum
1025 3873 1210 3930 centrum
1233 3850 1505 3942 movereturi

130 3967 313 4077 tympani
331 3962 521 4048 dentibus
531 3959 701 4078 impulsa
711 3995 723 4054 t
735 3962 782 4046 el
792 3989 928 4046 tamen
941 3965 1111 4060 ratione,
1125 3990 1170 4045 ut
1183 3963 1354 4048 duarum
1365 3967 1503 4082 hujus.

127 4079 241 4166 modi
262 4107 443 4164 rotarum
459 4077 692 4162 seinvicem
703 4077 979 4162 mordentium
991 4077 1271 4162 converfiones
1285 4083 1326 4159 in'
1340 4083 1502 4196 opposr.

128 4225 188 4282 tas
207 4195 345 4309 plagas
366 4196 604 4286 tenderentr
627 4192 655 4278 sr
677 4197 788 4278 enim
805 4187 947 4306 prioris
959 4216 1059 4275 rotre
1070 4213 1158 4306 pars
1175 4189 1352 4306 superior
1363 4202 1502 4289 Ocea.

127 4309 217 4398 sum
238 4309 376 4396 verslu
399 4335 724 4407 converteretur,
745 4311 973 4424 posterioris
988 4335 1082 4395 rotae
1104 4313 1190 4424 pire
1214 4311 1313 4392 iten'r
1328 4309 1505 4427 superior

129 4433 286 4513 Ortum
298 4423 435 4511 versus
447 4423 756 4510 convolveretur
766 4457 778 4518 ς
790 4435 832 4514 &
846 4425 874 4510 st
890 4425 1155 4511 adhuctertia
1166 4450 1250 4506 rota
1259 4425 1423 4515 dentata
1433 4430 1504 4522 ad*—

128 4547 318 4640 deretur,
335 4541 585 4628 haeciterum
599 4543 789 4653 proxime
804 4529 1084 4626 adversata‘ad
1099 4534 1283 4621 occasum
1293 4561 1500 4654 pergerem
1586 4537 1600 4564 ⁸

128 4687 252 4770 atque
264 4655 323 4744 ita
340 4659 533 4769 deinceps
546 4652 708 4744 alternis
726 4649 1054 4750 cometfionibus
1072 4650 1326 4854 srbizvicissuu
1339 4659 1502 4780 respon-0

124 4771 334 4862 dentibus.
1187 4796 1247 4862 zz
