3780 5270
822 219 1301 374 solemnitatum.
1382 223 1479 334 *id

377 416 554 533 amplius
576 395 762 527 qudrnln
795 384 966 484 stottius
993 387 1193 479 linteumt
1216 385 1319 470 &in
1341 379 1642 474 vehementiori
1658 409 1757 468 tom

385 569 460 637 to,
488 561 541 618 ne
572 529 696 611 nimia
722 517 776 602 srt.
796 512 997 600 machinae
1031 501 1224 587 velocitas
1242 503 1508 614 ,experimur
1538 496 1760 614 aliquande

309 672 314 682 '
386 651 471 742 non
502 643 576 732 nist
602 635 817 728 dimidium
852 625 991 713 velum
1013 616 1203 734 expandi.
1255 618 1323 700 Aa
1349 607 1449 700 verd
1476 612 1600 699 fuerit
1630 643 1759 730 opera

385 771 563 888 pretium
580 760 737 845 'horum
758 740 1060 859 longitudinem
1078 757 1252 842 augere,
1273 734 1478 814 incertum
1503 727 1594 814 est:
1621 757 1760 848 quaeq

389 894 450 974 vis
469 883 580 965 enirn
604 867 785 988 potentia
807 862 936 972 magis
960 851 985 938 al
1008 873 1149 936 centro
1171 845 1306 934 motin
1326 845 1478 933 diliana
1496 843 1586 960 plus
1611 845 1762 932 habnt

347 1020 351 1028 “
390 997 624 1090 momenti,
654 1009 789 1070 tamen
811 975 909 1092 qu'ta
939 967 1172 1079 longiorum
1204 961 1463 1048 flabellorutn
1489 965 1763 1050 extremitate

339 1140 340 1143 ‘
391 1114 511 1206 valde
536 1117 641 1192 inter
662 1099 702 1186 se
721 1091 943 1186 distarent,
972 1109 1118 1170 ventus
1149 1077 1352 1193 ampliora
1369 1075 1493 1194 spatia
1518 1080 1662 1162 naeus
1689 1081 1764 1167 ou»

391 1262 470 1324 nus
493 1225 662 1313 haberet
686 1209 836 1300 titium
859 1243 870 1303 3
897 1207 997 1289 licut
1030 1209 1073 1283 δι
1097 1225 1202 1311 aqua
1224 1193 1359 1280 fluens
1387 1255 1399 1292 ,
1435 1191 1618 1279 velocius
1637 1180 1764 1305 atqik

392 1348 558 1460 majore
571 1359 721 1424 conatu
747 1355 822 1444 per
850 1314 1055 1433 angustias
1071 1373 1099 1437 .,ι
1120 1307 1244 1424 quim
1276 1337 1348 1424 per
1373 1335 1580 1424 patentem
1603 1301 1768 1434 alveum

394 1464 531 1554 currit.
568 1460 784 1566 Propterea
805 1444 849 1522 in
869 1429 1105 1551 hujusmodl
1125 1423 1295 1515 flabellis
1319 1454 1404 1508 non
1421 1426 1614 1510 auderem
1636 1431 1769 1514 omri}-

395 1613 452 1668 no
483 1573 692 1664 definire,
724 1589 807 1675 quo
838 1552 930 1640 loco
956 1549 1147 1666 potentiae
1182 1546 1384 1626 moventis
1414 1545 1518 1625 vires
1546 1537 1769 1628 statuenda
1879 1593 1880 1640 ἦ

398 1698 476 1782 smt
498 1686 607 1804 quast
634 1687 676 1768 in
704 1701 845 1762 centro
877 1669 1036 1753 virtutis
1055 1694 1068 1754 ς
1089 1687 1184 1746 nam
1211 1685 1336 1772 prope
1359 1660 1526 1754 Artem,
1549 1660 1618 1740 cui
1643 1653 1771 1744 infixa
1879 1649 1880 1684 ³

399 1809 492 1896 sunt
516 1867 528 1904 ,
555 1799 713 1886 modica
737 1788 795 1874 est
819 1783 1039 1875 distantia,
1070 1785 1111 1863 dt
1136 1800 1281 1858 ventus
1304 1771 1415 1885 quafi
1443 1801 1586 1856 eorum
1608 1771 1772 1885 objet‘lu

399 1913 644 2036 comprell'us
665 1902 846 1996 velociits
873 1897 1024 2014 spirat,
1049 1888 1191 2006 procul
1217 1915 1354 1973 autem
1382 1885 1434 1970 ab
1454 1891 1548 1972 Axe
1571 1890 1620 1974 in
1643 1887 1772 1996 majo-

394 2071 445 2126 re
477 2025 690 2120 intervallo
720 2016 878 2109 facilllts
903 2009 1066 2099 elabens
1094 2003 1230 2090 rrtinits
1259 2000 1401 2088 incitat
1435 2001 1608 2088 cursum.
1666 2006 1774 2091 Cum

403 2149 504 2244 veri)
533 2177 616 2232 non
644 2143 690 2224 fit
722 2131 874 2222 temere
903 2124 1178 2214 statuendum·
1193 2124 1305 2206 renti
1333 2119 1668 2222 compreffionem
1690 2150 1775 2210 om.

399 2269 506 2360 nino
529 2259 767 2377 respondere
791 2249 942 2334 mutuis
965 2237 1220 2328 labellorum
1247 2233 1448 2322 distantiis
1471 2295 1491 2334 ,.
1542 2264 1604 2318 uae
1626 2241 1675 2326 in
1706 2233 1774 2324 ed·

282 2434 286 2447 ·
405 2391 503 2476 dem
527 2381 701 2466 Ratione
725 2367 816 2454 sont
842 2393 890 2448 ac
916 2357 1112 2444 distantiae
1130 2353 1195 2438 ab
1212 2356 1300 2438 Axe
1327 2385 1339 2446 3
1365 2265 1641 2468 nequelrcile
1666 2345 1776 2436 affui

396 2483 709 2621 ¹potesteddem
732 2486 907 2572 Ratione
931 2466 1162 2560 decrescere
1185 2472 1278 2552 *vim
1304 2472 1418 2553 venti
1447 2497 1498 2550 ex
1522 2467 1778 2582 compreffio.
1879 2517 1880 2544 p

403 2649 487 2712 ne,
513 2639 594 2727 qua
622 2599 800 2714 ejusdem
834 2615 1041 2678 momenta
1076 2581 1263 2670 creseunt
1290 2613 1342 2668 ex
1367 2579 1557 2668 dista-ntia
1585 2583 1638 2669 ab
1661 2587 1777 2670 Axe:

409 2738 477 2822 Ex·
505 2756 589 2844 quo
626 2721 741 2805 fieret
776 2733 994 2798 momenta.
1018 2701 1236 2814 composita
1267 2727 1319 2784 ex
1354 2695 1545 2788 distantia
1577 2698 1631 2784 ab
1665 2705 1780 2798 Axe,

288 2893 291 2900 ¹
412 2861 456 2939 δι
479 2875 530 2930 ex
556 2823 956 2945 tri—compreffion'rs,
993 2813 1072 2905 effe
1106 2845 1178 2931 por
1210 2841 1336 2900 totam
1360 2810 1518 2925 flabelli
1551 2813 1778 2926 longitudi.

10 2927 68 2970 :v
181 3059 187 3072 „
288 3009 290 3014 ἢ
410 2992 509 3052 nem
528 2936 995 3069 aequaliterdiffsss²›²⁶
1026 2935 1196 3060 proinde
1220 2935 1264 3014 in
1286 2927 1422 3020 media
1442 2929 1705 3041 longitudine
1725 2927 1780 3018 el-

409 3080 452 3170 se
480 3079 682 3162 Centrum
714 3061 1112 3150 virtutitmoventrs.
1165 3045 1370 3134 Omnibus
1401 3073 1539 3132 tameo
1580 3049 1659 3136 riti:
1691 3077 1781 3163 per·

412 3191 582 3316 pensis,
625 3179 894 3268 existimarem
924 3195 1111 3254 centrum
1149 3169 1232 3250 hoc
1261 3160 1459 3260 virtutis„
1492 3166 1560 3246 cui
1586 3161 1784 3282 applicata

332 3359 334 3362 ·
413 3307 597 3429 potentia
616 3295 858 3407 intelligitur
877 3347 889 3386 ‚
919 3283 1032 3370 haud
1052 3278 1195 3396 procul
1213 3273 1389 3362 aberret
1405 3277 1540 3364 medii
1559 3278 1687 3366 libelli
1699 3279 1784 3367 lm-

416 3423 604 3542 gitudine
629 3455 638 3500 =
661 3413 750 3498 Nisr
775 3402 882 3496 forte
909 3395 1069 3489 flabella
1091 3395 1171 3514 ipsa
1193 3391 1289 3478 talia
1313 3389 1467 3492 ellent,
1494 3421 1543 3478 ut
1565 3425 1707 3482 eorum
1729 3395 1784 3482 la·

357 3621 361 3626 .
395 3539 552 3630 'titudo
577 3534 628 3620 ab
659 3534 748 3614 Axe
780 3519 972 3608 recedens
999 3539 1217 3625 augeretur
1245 3543 1259 3606 5
1291 3507 1345 3603 stc
1382 3509 1496 3598 enim
1517 3508 1788 3598 diminuuloin

418 3645 739 3747 extremitatibus
759 3633 1013 3726 flabellorum
1030 3624 1246 3725 distantia,
1267 3629 1392 3714 etiarn
1415 3631 1530 3711 venti
1556 3629 1787 3745 comprellio

405 3806 470 3865 au
503 3791 648 3854 eretur.
699 3803 703 3814 ·
1142 3833 1146 3838 ,
1736 3804 1742 3827 ,,

402 3868 412 3878 ”
472 3800 608 4002 {de
638 3878 666 3962 sr
690 3865 988 3979 occurrendum
1015 3887 1175 3978 putares
1200 3859 1494 3959 incommodo,
1521 3858 1637 3975 quod
1663 3856 1792 3946 subire

355 4018 382 4072 ὓ
420 3995 579 4094 necelse
604 3993 665 4084 est
687 3983 899 4076 aediculam
921 3977 1016 4097 polo
1040 3980 1222 4068 innixam
1242 3982 1299 4062 ita
1318 3977 1598 4066 convertendo
1617 4036 1629 4072 ,
1650 4002 1697 4060 ut
1718 3973 1791 4092 lla·

401 4119 528 4212 ‘bella
550 4106 762 4202 adversum
786 4127 960 4190 ventum
985 4090 1221 4208 excipiant,
1253 4093 1364 4180 haud
1397 4090 1467 4182 abs
1493 4121 1536 4178 re
1561 4085 1639 4176 elle
1665 4091 1795 4177 duoe-

406 4268 541 4340 rem,
567 4231 596 4316 fi
630 4231 720 4344 quis
746 4225 791 4305 in
823 4213 1009 4330 supremo
1039 4202 1184 4296 domds
1212 4207 1375 4322 fastigio
1397 4269 1410 4308 2
1436 4206 1529 4292 loco
1557 4189 1724 4322 patente
1754 4217 1796 4293 dt

405 4353 556 4460 ,ventis
578 4341 767 4432 omnibus
784 4330 993 4450 exposito,
1019 4319 1190 4412 craffum
1207 4322 1377 4439 satisque
1395 4323 1575 4412 valtdum
1589 4352 1708 4410 axem
1723 4324 1797 4409 ho-

424 4461 575 4558 rizonti
608 4449 983 4578 perpendicularem
1017 4443 1243 4548 statueret,
1273 4470 1399 4560 quem
1430 4467 1518 4534 tota
1548 4439 1798 4526 denticulata

318 4637 323 4645 ·
425 4582 634 4680 horizonti
652 4567 840 4696 parallela
862 4559 1225 4682 complecteretur,
1247 4591 1300 4650 ex
1317 4555 1431 4670 cujus
1451 4555 1716 4646 eonverfione
1728 4555 1797 4639 de·

1689 4695 1799 4758 mum
