<?xml version="1.0" encoding="UTF-8"?>
<!DOCTYPE html PUBLIC "-//W3C//DTD XHTML 1.0 Transitional//EN"
    "http://www.w3.org/TR/xhtml1/DTD/xhtml1-transitional.dtd">
<html xmlns="http://www.w3.org/1999/xhtml" xml:lang="en" lang="en">
 <head>
  <title>
</title>
<meta http-equiv="Content-Type" content="text/html;charset=utf-8" />
  <meta name='ocr-system' content='tesseract 3.04.00' />
  <meta name='ocr-capabilities' content='ocr_page ocr_carea ocr_par ocr_line ocrx_word'/>
</head>
<body>
  <div class='ocr_page' id='page_1' title='image "./rppaulicasatipl00casagoog_0752.png"; bbox 0 0 3794 5270; ppageno 0'>
   <div class='ocr_carea' id='block_1_1' title="bbox 360 185 1641 381">
    <p class='ocr_par' dir='ltr' id='par_1_1' title="bbox 360 185 1641 381">
     <span class='ocr_line' id='line_1_1' title="bbox 360 185 1641 381; baseline 0.01 -50"><span class='ocrx_word' id='word_1_1' title='bbox 360 205 1250 372; x_wconf 33' lang='lat' dir='ltr'>*Liberseprimiitr&#39;csrurX1.</span> <span class='ocrx_word' id='word_1_2' title='bbox 1319 363 1325 372; x_wconf 44' lang='lat'>‚</span> <span class='ocrx_word' id='word_1_3' title='bbox 1386 274 1508 381; x_wconf 76' lang='lat'>729</span> <span class='ocrx_word' id='word_1_4' title='bbox 1632 185 1641 196; x_wconf 82' lang='grc'>’</span> 
     </span>
    </p>
   </div>
   <div class='ocr_carea' id='block_1_2' title="bbox 139 369 1511 512">
    <p class='ocr_par' dir='ltr' id='par_1_2' title="bbox 139 369 1511 512">
     <span class='ocr_line' id='line_1_2' title="bbox 139 369 1511 512; baseline -0.003 -31"><span class='ocrx_word' id='word_1_5' title='bbox 139 409 295 481; x_wconf 71' lang='lat' dir='ltr'>centro·</span> <span class='ocrx_word' id='word_1_6' title='bbox 306 375 511 498; x_wconf 82' lang='lat' dir='ltr'>gravitatis</span> <span class='ocrx_word' id='word_1_7' title='bbox 523 369 832 476; x_wconf 82' lang='lat' dir='ltr'>descendentis,</span> <span class='ocrx_word' id='word_1_8' title='bbox 860 405 930 462; x_wconf 88' lang='lat' dir='ltr'>aut</span> <span class='ocrx_word' id='word_1_9' title='bbox 949 377 976 464; x_wconf 72' lang='lat' dir='ltr'>d</span> <span class='ocrx_word' id='word_1_10' title='bbox 998 411 1140 483; x_wconf 84' lang='lat' dir='ltr'>centro</span> <span class='ocrx_word' id='word_1_11' title='bbox 1159 379 1336 504; x_wconf 81' lang='lat' dir='ltr'>Impetus</span> <span class='ocrx_word' id='word_1_12' title='bbox 1356 418 1511 512; x_wconf 75' lang='lat' dir='ltr'>corpo.</span> 
     </span>
    </p>
   </div>
   <div class='ocr_carea' id='block_1_3' title="bbox 8 489 1563 4614">
    <p class='ocr_par' dir='ltr' id='par_1_3' title="bbox 8 489 1563 4614">
     <span class='ocr_line' id='line_1_3' title="bbox 145 489 1510 620; baseline 0.005 -28"><span class='ocrx_word' id='word_1_13' title='bbox 145 515 197 596; x_wconf 84' lang='lat' dir='ltr'>ris</span> <span class='ocrx_word' id='word_1_14' title='bbox 217 505 407 620; x_wconf 60' lang='lat' dir='ltr'>impubi,</span> <span class='ocrx_word' id='word_1_15' title='bbox 438 491 545 582; x_wconf 74' lang='lat' dir='ltr'>certi</span> <span class='ocrx_word' id='word_1_16' title='bbox 561 495 737 578; x_wconf 82' lang='lat' dir='ltr'>Ratione</span> <span class='ocrx_word' id='word_1_17' title='bbox 757 489 939 606; x_wconf 79' lang='lat' dir='ltr'>respiciat</span> <span class='ocrx_word' id='word_1_18' title='bbox 958 500 1132 608; x_wconf 85' lang='lat' dir='ltr'>priorem</span> <span class='ocrx_word' id='word_1_19' title='bbox 1158 495 1309 592; x_wconf 81' lang='lat' dir='ltr'>lineam</span> <span class='ocrx_word' id='word_1_20' title='bbox 1324 508 1510 600; x_wconf 71' lang='lat' dir='ltr'>ditestio-</span> 
     </span>
     <span class='ocr_line' id='line_1_4' title="bbox 142 607 1510 808; baseline -0.007 -98"><span class='ocrx_word' id='word_1_21' title='bbox 142 624 218 713; x_wconf 87' lang='lat' dir='ltr'>nis.</span> <span class='ocrx_word' id='word_1_22' title='bbox 265 625 324 704; x_wconf 89' lang='lat' dir='ltr'>Eo</span> <span class='ocrx_word' id='word_1_23' title='bbox 345 619 469 729; x_wconf 86' lang='lat' dir='ltr'>igitur</span> <span class='ocrx_word' id='word_1_24' title='bbox 484 607 579 726; x_wconf 82' lang='lat' dir='ltr'>ipso</span> <span class='ocrx_word' id='word_1_25' title='bbox 600 608 712 724; x_wconf 92' lang='lat' dir='ltr'>quod</span> <span class='ocrx_word' id='word_1_26' title='bbox 736 612 987 808; x_wconf 78' lang='lat' dir='ltr'>concipimus</span> <span class='ocrx_word' id='word_1_27' title='bbox 1006 610 1172 726; x_wconf 81' lang='lat' dir='ltr'>planum</span> <span class='ocrx_word' id='word_1_28' title='bbox 1191 617 1510 714; x_wconf 72' lang='lat' dir='ltr'>tefleilens-mo.</span> 
     </span>
     <span class='ocr_line' id='line_1_5' title="bbox 147 719 1511 926; baseline -0.006 -103"><span class='ocrx_word' id='word_1_29' title='bbox 147 742 232 824; x_wconf 90' lang='lat' dir='ltr'>vet-i</span> <span class='ocrx_word' id='word_1_30' title='bbox 254 754 367 818; x_wconf 86' lang='lat' dir='ltr'>motu</span> <span class='ocrx_word' id='word_1_31' title='bbox 401 723 618 843; x_wconf 75' lang='lat' dir='ltr'>parallelo,</span> <span class='ocrx_word' id='word_1_32' title='bbox 658 723 739 806; x_wconf 91' lang='lat' dir='ltr'>hoc</span> <span class='ocrx_word' id='word_1_33' title='bbox 767 719 827 807; x_wconf 86' lang='lat' dir='ltr'>est</span> <span class='ocrx_word' id='word_1_34' title='bbox 865 719 1000 808; x_wconf 72' lang='lat' dir='ltr'>errati</span> <span class='ocrx_word' id='word_1_35' title='bbox 1023 727 1230 926; x_wconf 72' lang='lat' dir='ltr'>positione</span> <span class='ocrx_word' id='word_1_36' title='bbox 1256 738 1379 849; x_wconf 88' lang='lat' dir='ltr'>priori</span> <span class='ocrx_word' id='word_1_37' title='bbox 1405 729 1511 858; x_wconf 73' lang='lat' dir='ltr'>post.</span> 
     </span>
     <span class='ocr_line' id='line_1_6' title="bbox 145 835 1556 964; baseline 0.007 -26"><span class='ocrx_word' id='word_1_38' title='bbox 145 854 246 938; x_wconf 89' lang='lat' dir='ltr'>tioni</span> <span class='ocrx_word' id='word_1_39' title='bbox 276 843 488 964; x_wconf 70' lang='lat' dir='ltr'>paralleli,</span> <span class='ocrx_word' id='word_1_40' title='bbox 515 835 703 938; x_wconf 80' lang='lat' dir='ltr'>adversits</span> <span class='ocrx_word' id='word_1_41' title='bbox 727 835 896 949; x_wconf 85' lang='lat' dir='ltr'>globum</span> <span class='ocrx_word' id='word_1_42' title='bbox 925 843 1020 953; x_wconf 90' lang='lat' dir='ltr'>quie</span> <span class='ocrx_word' id='word_1_43' title='bbox 1037 871 1199 932; x_wconf 81' lang='lat' dir='ltr'>centem</span> <span class='ocrx_word' id='word_1_44' title='bbox 1219 909 1230 946; x_wconf 91' lang='lat'>,</span> <span class='ocrx_word' id='word_1_45' title='bbox 1253 855 1510 948; x_wconf 81' lang='lat' dir='ltr'>manifestum</span> <span class='ocrx_word' id='word_1_46' title='bbox 1549 845 1556 850; x_wconf 79' lang='lat'>.</span> 
     </span>
     <span class='ocr_line' id='line_1_7' title="bbox 144 951 1509 1064; baseline 0.004 -14"><span class='ocrx_word' id='word_1_47' title='bbox 144 966 205 1053; x_wconf 91' lang='lat' dir='ltr'>est</span> <span class='ocrx_word' id='word_1_48' title='bbox 227 991 375 1049; x_wconf 86' lang='lat' dir='ltr'>novam</span> <span class='ocrx_word' id='word_1_49' title='bbox 392 955 771 1044; x_wconf 83' lang='lat' dir='ltr'>determinationem</span> <span class='ocrx_word' id='word_1_50' title='bbox 793 981 844 1038; x_wconf 85' lang='lat' dir='ltr'>ex</span> <span class='ocrx_word' id='word_1_51' title='bbox 862 951 933 1037; x_wconf 93' lang='lat' dir='ltr'>illo</span> <span class='ocrx_word' id='word_1_52' title='bbox 960 983 1088 1048; x_wconf 86' lang='lat' dir='ltr'>ortam</span> <span class='ocrx_word' id='word_1_53' title='bbox 1104 959 1183 1048; x_wconf 83' lang='lat' dir='ltr'>ell&#39;c</span> <span class='ocrx_word' id='word_1_54' title='bbox 1199 965 1346 1054; x_wconf 18' lang='lat' dir='ltr'>,versos</span> <span class='ocrx_word' id='word_1_55' title='bbox 1360 968 1509 1064; x_wconf 85' lang='lat' dir='ltr'>lineam</span> 
     </span>
     <span class='ocr_line' id='line_1_8' title="bbox 141 1067 1510 1198; baseline 0.005 -33"><span class='ocrx_word' id='word_1_56' title='bbox 141 1082 265 1198; x_wconf 87' lang='lat' dir='ltr'>plano</span> <span class='ocrx_word' id='word_1_57' title='bbox 286 1068 688 1192; x_wconf 68' lang='lat' dir='ltr'>perpendicularem,</span> <span class='ocrx_word' id='word_1_58' title='bbox 718 1096 770 1152; x_wconf 89' lang='lat' dir='ltr'>ex</span> <span class='ocrx_word' id='word_1_59' title='bbox 787 1071 938 1182; x_wconf 66' lang='lat' dir='ltr'>pundo</span> <span class='ocrx_word' id='word_1_60' title='bbox 955 1067 1160 1160; x_wconf 71' lang='lat' dir='ltr'>concauus</span> <span class='ocrx_word' id='word_1_61' title='bbox 1189 1083 1389 1168; x_wconf 67' lang='lat' dir='ltr'>etesiamr</span> <span class='ocrx_word' id='word_1_62' title='bbox 1414 1117 1510 1179; x_wconf 86' lang='lat' dir='ltr'>nam</span> 
     </span>
     <span class='ocr_line' id='line_1_9' title="bbox 143 1181 1509 1314; baseline 0.004 -37"><span class='ocrx_word' id='word_1_63' title='bbox 143 1207 359 1309; x_wconf 82' lang='lat' dir='ltr'>impetus,</span> <span class='ocrx_word' id='word_1_64' title='bbox 399 1192 473 1304; x_wconf 89' lang='lat' dir='ltr'>qui</span> <span class='ocrx_word' id='word_1_65' title='bbox 515 1214 568 1269; x_wconf 86' lang='lat' dir='ltr'>ex</span> <span class='ocrx_word' id='word_1_66' title='bbox 605 1181 682 1266; x_wconf 87' lang='lat' dir='ltr'>illo</span> <span class='ocrx_word' id='word_1_67' title='bbox 723 1181 832 1296; x_wconf 87' lang='lat' dir='ltr'>plani</span> <span class='ocrx_word' id='word_1_68' title='bbox 878 1211 995 1270; x_wconf 89' lang='lat' dir='ltr'>motu</span> <span class='ocrx_word' id='word_1_69' title='bbox 1045 1192 1341 1306; x_wconf 84' lang='lat' dir='ltr'>imprimeretur</span> <span class='ocrx_word' id='word_1_70' title='bbox 1383 1198 1509 1314; x_wconf 81' lang='lat' dir='ltr'>globo</span> 
     </span>
     <span class='ocr_line' id='line_1_10' title="bbox 142 1296 1509 1430; baseline 0.004 -33"><span class='ocrx_word' id='word_1_71' title='bbox 142 1305 367 1430; x_wconf 85' lang='lat' dir='ltr'>quiescenti</span> <span class='ocrx_word' id='word_1_72' title='bbox 394 1363 407 1400; x_wconf 90' lang='lat'>,</span> <span class='ocrx_word' id='word_1_73' title='bbox 440 1303 554 1387; x_wconf 86' lang='lat' dir='ltr'>hune</span> <span class='ocrx_word' id='word_1_74' title='bbox 579 1296 755 1384; x_wconf 87' lang='lat' dir='ltr'>deferret</span> <span class='ocrx_word' id='word_1_75' title='bbox 779 1325 850 1412; x_wconf 90' lang='lat' dir='ltr'>pet</span> <span class='ocrx_word' id='word_1_76' title='bbox 872 1298 1022 1388; x_wconf 82' lang='lat' dir='ltr'>lineam</span> <span class='ocrx_word' id='word_1_77' title='bbox 1048 1304 1290 1418; x_wconf 78' lang='lat' dir='ltr'>jungentem</span> <span class='ocrx_word' id='word_1_78' title='bbox 1311 1321 1509 1427; x_wconf 72' lang='lat' dir='ltr'>pundlum</span> 
     </span>
     <span class='ocr_line' id='line_1_11' title="bbox 139 1409 1508 1522; baseline 0.004 -9"><span class='ocrx_word' id='word_1_79' title='bbox 139 1418 356 1512; x_wconf 68' lang='lat' dir='ltr'>contaetus</span> <span class='ocrx_word' id='word_1_80' title='bbox 380 1447 478 1502; x_wconf 87' lang='lat' dir='ltr'>cum</span> <span class='ocrx_word' id='word_1_81' title='bbox 512 1441 653 1500; x_wconf 89' lang='lat' dir='ltr'>centro</span> <span class='ocrx_word' id='word_1_82' title='bbox 679 1409 792 1522; x_wconf 86' lang='lat' dir='ltr'>globi</span> <span class='ocrx_word' id='word_1_83' title='bbox 827 1449 836 1495; x_wconf 84' lang='lat' dir='ltr'>t</span> <span class='ocrx_word' id='word_1_84' title='bbox 877 1413 966 1500; x_wconf 86' lang='lat' dir='ltr'>haec</span> <span class='ocrx_word' id='word_1_85' title='bbox 989 1443 1125 1505; x_wconf 89' lang='lat' dir='ltr'>autem</span> <span class='ocrx_word' id='word_1_86' title='bbox 1149 1421 1256 1508; x_wconf 91' lang='lat' dir='ltr'>linea</span> <span class='ocrx_word' id='word_1_87' title='bbox 1286 1455 1338 1512; x_wconf 86' lang='lat' dir='ltr'>ex</span> <span class='ocrx_word' id='word_1_88' title='bbox 1364 1461 1508 1520; x_wconf 91' lang='lat' dir='ltr'>centro</span> 
     </span>
     <span class='ocr_line' id='line_1_12' title="bbox 140 1525 1509 1662; baseline -0.006 -35"><span class='ocrx_word' id='word_1_89' title='bbox 140 1541 301 1652; x_wconf 85' lang='lat' dir='ltr'>sphaetae</span> <span class='ocrx_word' id='word_1_90' title='bbox 323 1537 446 1622; x_wconf 58' lang='lat' dir='ltr'>duria</span> <span class='ocrx_word' id='word_1_91' title='bbox 468 1531 521 1616; x_wconf 87' lang='lat' dir='ltr'>ad</span> <span class='ocrx_word' id='word_1_92' title='bbox 541 1530 738 1642; x_wconf 75' lang='lat' dir='ltr'>punctum</span> <span class='ocrx_word' id='word_1_93' title='bbox 762 1525 969 1614; x_wconf 70' lang='lat' dir='ltr'>conteditis</span> <span class='ocrx_word' id='word_1_94' title='bbox 995 1531 1104 1646; x_wconf 85' lang='lat' dir='ltr'>plani</span> <span class='ocrx_word' id='word_1_95' title='bbox 1121 1536 1182 1620; x_wconf 86' lang='lat' dir='ltr'>est</span> <span class='ocrx_word' id='word_1_96' title='bbox 1197 1539 1267 1652; x_wconf 83' lang='lat' dir='ltr'>ipst</span> <span class='ocrx_word' id='word_1_97' title='bbox 1284 1539 1405 1654; x_wconf 84' lang='lat' dir='ltr'>plano</span> <span class='ocrx_word' id='word_1_98' title='bbox 1418 1575 1509 1662; x_wconf 69' lang='lat' dir='ltr'>per.</span> 
     </span>
     <span class='ocr_line' id='line_1_13' title="bbox 138 1641 1508 1776; baseline -0.01 -34"><span class='ocrx_word' id='word_1_99' title='bbox 138 1648 442 1776; x_wconf 88' lang='lat' dir='ltr'>pendicularis,</span> <span class='ocrx_word' id='word_1_100' title='bbox 468 1673 515 1730; x_wconf 90' lang='lat' dir='ltr'>ut</span> <span class='ocrx_word' id='word_1_101' title='bbox 541 1673 593 1728; x_wconf 84' lang='lat' dir='ltr'>ex</span> <span class='ocrx_word' id='word_1_102' title='bbox 628 1641 840 1757; x_wconf 79' lang='lat' dir='ltr'>Spbaericis</span> <span class='ocrx_word' id='word_1_103' title='bbox 861 1643 1027 1730; x_wconf 86' lang='lat' dir='ltr'>constat.</span> <span class='ocrx_word' id='word_1_104' title='bbox 1075 1652 1273 1766; x_wconf 69' lang='lat' dir='ltr'>Qpamvis</span> <span class='ocrx_word' id='word_1_105' title='bbox 1297 1659 1422 1768; x_wconf 60' lang='lat' dir='ltr'>igitur</span> <span class='ocrx_word' id='word_1_106' title='bbox 1445 1694 1508 1750; x_wconf 66' lang='lat' dir='ltr'>re,</span> 
     </span>
     <span class='ocr_line' id='line_1_14' title="bbox 139 1753 1511 1888; baseline -0.007 -30"><span class='ocrx_word' id='word_1_107' title='bbox 139 1771 344 1859; x_wconf 88' lang='lat' dir='ltr'>contrario</span> <span class='ocrx_word' id='word_1_108' title='bbox 362 1763 485 1849; x_wconf 92' lang='lat' dir='ltr'>modo</span> <span class='ocrx_word' id='word_1_109' title='bbox 509 1757 550 1844; x_wconf 91' lang='lat' dir='ltr'>se</span> <span class='ocrx_word' id='word_1_110' title='bbox 572 1757 744 1852; x_wconf 84' lang='lat' dir='ltr'>habeat,</span> <span class='ocrx_word' id='word_1_111' title='bbox 768 1754 919 1842; x_wconf 89' lang='lat' dir='ltr'>scilicet</span> <span class='ocrx_word' id='word_1_112' title='bbox 935 1753 1102 1873; x_wconf 77' lang='lat' dir='ltr'>planum</span> <span class='ocrx_word' id='word_1_113' title='bbox 1122 1765 1326 1879; x_wconf 82' lang='lat' dir='ltr'>quiescat,</span> <span class='ocrx_word' id='word_1_114' title='bbox 1360 1783 1400 1861; x_wconf 69' lang='lat' dir='ltr'>&amp;t</span> <span class='ocrx_word' id='word_1_115' title='bbox 1417 1777 1511 1888; x_wconf 67' lang='lat' dir='ltr'>glo.</span> 
     </span>
     <span class='ocr_line' id='line_1_15' title="bbox 99 1875 1508 1988; baseline 0.001 -14"><span class='ocrx_word' id='word_1_116' title='bbox 99 1875 110 1898; x_wconf 80' lang='lat'>&#39;</span> <span class='ocrx_word' id='word_1_117' title='bbox 138 1888 217 1973; x_wconf 89' lang='lat' dir='ltr'>bus</span> <span class='ocrx_word' id='word_1_118' title='bbox 237 1889 471 1976; x_wconf 84' lang='lat' dir='ltr'>moveatur,</span> <span class='ocrx_word' id='word_1_119' title='bbox 488 1875 658 1961; x_wconf 73' lang='lat' dir='ltr'>ditesbio</span> <span class='ocrx_word' id='word_1_120' title='bbox 680 1897 842 1970; x_wconf 87' lang='lat' dir='ltr'>tamen,</span> <span class='ocrx_word' id='word_1_121' title='bbox 866 1879 1067 1988; x_wconf 79' lang='lat' dir='ltr'>quatenus</span> <span class='ocrx_word' id='word_1_122' title='bbox 1093 1907 1179 1966; x_wconf 84' lang='lat' dir='ltr'>orta</span> <span class='ocrx_word' id='word_1_123' title='bbox 1207 1913 1259 1967; x_wconf 84' lang='lat' dir='ltr'>err</span> <span class='ocrx_word' id='word_1_124' title='bbox 1287 1885 1508 1984; x_wconf 58' lang='lat' dir='ltr'>resistentis</span> 
     </span>
     <span class='ocr_line' id='line_1_16' title="bbox 140 1982 1505 2118; baseline -0.004 -31"><span class='ocrx_word' id='word_1_125' title='bbox 140 2001 288 2118; x_wconf 85' lang='lat' dir='ltr'>plani,</span> <span class='ocrx_word' id='word_1_126' title='bbox 313 1997 457 2081; x_wconf 87' lang='lat' dir='ltr'>eodem</span> <span class='ocrx_word' id='word_1_127' title='bbox 484 1991 607 2074; x_wconf 93' lang='lat' dir='ltr'>modo</span> <span class='ocrx_word' id='word_1_128' title='bbox 634 1983 672 2070; x_wconf 91' lang='lat' dir='ltr'>se</span> <span class='ocrx_word' id='word_1_129' title='bbox 698 1982 855 2085; x_wconf 80' lang='lat' dir='ltr'>babet,</span> <span class='ocrx_word' id='word_1_130' title='bbox 888 1999 931 2074; x_wconf 74' lang='grc' dir='ltr'>δι</span> <span class='ocrx_word' id='word_1_131' title='bbox 950 1989 1010 2074; x_wconf 89' lang='lat' dir='ltr'>est</span> <span class='ocrx_word' id='word_1_132' title='bbox 1033 1991 1505 2114; x_wconf 75' lang='lat' dir='ltr'>versbspcrpendiculu.</span> 
     </span>
     <span class='ocr_line' id='line_1_17' title="bbox 138 2095 1507 2228; baseline 0 -28"><span class='ocrx_word' id='word_1_133' title='bbox 138 2147 228 2202; x_wconf 90' lang='lat' dir='ltr'>rem</span> <span class='ocrx_word' id='word_1_134' title='bbox 258 2144 308 2200; x_wconf 88' lang='lat' dir='ltr'>ex</span> <span class='ocrx_word' id='word_1_135' title='bbox 333 2111 486 2228; x_wconf 69' lang='lat' dir='ltr'>poncio</span> <span class='ocrx_word' id='word_1_136' title='bbox 510 2095 729 2190; x_wconf 68' lang='lat' dir='ltr'>contactus.</span> <span class='ocrx_word' id='word_1_137' title='bbox 773 2101 980 2226; x_wconf 25' lang='lat' dir='ltr'>Seduquia</span> <span class='ocrx_word' id='word_1_138' title='bbox 1012 2135 1108 2191; x_wconf 89' lang='lat' dir='ltr'>cum</span> <span class='ocrx_word' id='word_1_139' title='bbox 1137 2113 1292 2226; x_wconf 84' lang='lat' dir='ltr'>impetu</span> <span class='ocrx_word' id='word_1_140' title='bbox 1321 2114 1434 2226; x_wconf 85' lang='lat' dir='ltr'>globi</span> <span class='ocrx_word' id='word_1_141' title='bbox 1460 2152 1507 2209; x_wconf 91' lang='lat' dir='ltr'>ut</span> 
     </span>
     <span class='ocr_line' id='line_1_18' title="bbox 138 2217 1506 2348; baseline -0.004 -33"><span class='ocrx_word' id='word_1_142' title='bbox 138 2227 361 2348; x_wconf 82' lang='lat' dir='ltr'>plurimitm</span> <span class='ocrx_word' id='word_1_143' title='bbox 382 2245 519 2308; x_wconf 88' lang='lat' dir='ltr'>manet</span> <span class='ocrx_word' id='word_1_144' title='bbox 537 2219 674 2303; x_wconf 87' lang='lat' dir='ltr'>adbuc</span> <span class='ocrx_word' id='word_1_145' title='bbox 699 2219 808 2331; x_wconf 89' lang='lat' dir='ltr'>prior</span> <span class='ocrx_word' id='word_1_146' title='bbox 833 2217 1031 2319; x_wconf 72' lang='lat' dir='ltr'>dtteelio,</span> <span class='ocrx_word' id='word_1_147' title='bbox 1064 2249 1115 2308; x_wconf 88' lang='lat' dir='ltr'>ex</span> <span class='ocrx_word' id='word_1_148' title='bbox 1137 2225 1203 2310; x_wconf 88' lang='lat' dir='ltr'>bis</span> <span class='ocrx_word' id='word_1_149' title='bbox 1228 2228 1384 2316; x_wconf 82' lang='lat' dir='ltr'>duabus</span> <span class='ocrx_word' id='word_1_150' title='bbox 1413 2265 1506 2321; x_wconf 90' lang='lat' dir='ltr'>mo.</span> 
     </span>
     <span class='ocr_line' id='line_1_19' title="bbox 139 2333 1505 2460; baseline 0 -30"><span class='ocrx_word' id='word_1_151' title='bbox 139 2375 260 2432; x_wconf 90' lang='lat' dir='ltr'>tuum</span> <span class='ocrx_word' id='word_1_152' title='bbox 281 2333 602 2428; x_wconf 81' lang='lat' dir='ltr'>ordinationibus</span> <span class='ocrx_word' id='word_1_153' title='bbox 635 2336 764 2414; x_wconf 89' lang='lat' dir='ltr'>oritur</span> <span class='ocrx_word' id='word_1_154' title='bbox 798 2338 916 2418; x_wconf 87' lang='lat' dir='ltr'>tertia</span> <span class='ocrx_word' id='word_1_155' title='bbox 941 2340 1066 2422; x_wconf 85' lang='lat' dir='ltr'>mixta</span> <span class='ocrx_word' id='word_1_156' title='bbox 1087 2371 1099 2433; x_wconf 75' lang='lat' dir='ltr'>t</span> <span class='ocrx_word' id='word_1_157' title='bbox 1137 2343 1193 2424; x_wconf 90' lang='lat' dir='ltr'>ita</span> <span class='ocrx_word' id='word_1_158' title='bbox 1220 2369 1266 2426; x_wconf 89' lang='lat' dir='ltr'>ut</span> <span class='ocrx_word' id='word_1_159' title='bbox 1291 2371 1427 2460; x_wconf 89' lang='lat' dir='ltr'>neque</span> <span class='ocrx_word' id='word_1_160' title='bbox 1452 2353 1505 2440; x_wconf 86' lang='lat' dir='ltr'>ad</span> 
     </span>
     <span class='ocr_line' id='line_1_20' title="bbox 136 2447 1505 2580; baseline -0.004 -36"><span class='ocrx_word' id='word_1_161' title='bbox 136 2453 476 2580; x_wconf 87' lang='lat' dir='ltr'>perpendiculum</span> <span class='ocrx_word' id='word_1_162' title='bbox 501 2447 729 2534; x_wconf 71' lang='lat' dir='ltr'>reticeatur</span> <span class='ocrx_word' id='word_1_163' title='bbox 754 2505 766 2543; x_wconf 90' lang='lat'>,</span> <span class='ocrx_word' id='word_1_164' title='bbox 795 2448 870 2532; x_wconf 86' lang='lat' dir='ltr'>nist</span> <span class='ocrx_word' id='word_1_165' title='bbox 895 2447 1127 2538; x_wconf 73' lang='lat' dir='ltr'>incidentiae</span> <span class='ocrx_word' id='word_1_166' title='bbox 1151 2451 1260 2542; x_wconf 88' lang='lat' dir='ltr'>linea</span> <span class='ocrx_word' id='word_1_167' title='bbox 1287 2467 1505 2574; x_wconf 76' lang='lat' dir='ltr'>perpendi..</span> 
     </span>
     <span class='ocr_line' id='line_1_21' title="bbox 135 2561 1407 2688; baseline -0.003 -25"><span class='ocrx_word' id='word_1_168' title='bbox 135 2577 287 2663; x_wconf 82' lang='lat' dir='ltr'>cularis</span> <span class='ocrx_word' id='word_1_169' title='bbox 310 2572 461 2665; x_wconf 88' lang='lat' dir='ltr'>fuerit,</span> <span class='ocrx_word' id='word_1_170' title='bbox 492 2591 627 2678; x_wconf 90' lang='lat' dir='ltr'>neque</span> <span class='ocrx_word' id='word_1_171' title='bbox 650 2564 757 2647; x_wconf 74' lang='lat' dir='ltr'>reeta</span> <span class='ocrx_word' id='word_1_172' title='bbox 778 2561 1008 2650; x_wconf 86' lang='lat' dir='ltr'>institutum</span> <span class='ocrx_word' id='word_1_173' title='bbox 1037 2571 1114 2652; x_wconf 89' lang='lat' dir='ltr'>iter</span> <span class='ocrx_word' id='word_1_174' title='bbox 1135 2569 1407 2688; x_wconf 83' lang='lat' dir='ltr'>prosequatur.</span> 
     </span>
     <span class='ocr_line' id='line_1_22' title="bbox 199 2673 1505 2806; baseline -0.002 -39"><span class='ocrx_word' id='word_1_175' title='bbox 199 2689 409 2806; x_wconf 80' lang='lat' dir='ltr'>Qoniam</span> <span class='ocrx_word' id='word_1_176' title='bbox 430 2679 555 2793; x_wconf 76' lang='lat' dir='ltr'>igitur</span> <span class='ocrx_word' id='word_1_177' title='bbox 573 2707 625 2794; x_wconf 75' lang='lat' dir='ltr'>qx</span> <span class='ocrx_word' id='word_1_178' title='bbox 641 2673 1023 2790; x_wconf 73' lang='lat' dir='ltr'>ptursto·contastlls</span> <span class='ocrx_word' id='word_1_179' title='bbox 1042 2687 1261 2770; x_wconf 83' lang='lat' dir='ltr'>innumerae</span> <span class='ocrx_word' id='word_1_180' title='bbox 1279 2685 1395 2773; x_wconf 87' lang='lat' dir='ltr'>lineae</span> <span class='ocrx_word' id='word_1_181' title='bbox 1414 2691 1505 2781; x_wconf 78' lang='lat' dir='ltr'>exi.</span> 
     </span>
     <span class='ocr_line' id='line_1_23' title="bbox 136 2790 1504 2920; baseline 0.004 -33"><span class='ocrx_word' id='word_1_182' title='bbox 136 2837 181 2893; x_wconf 86' lang='lat' dir='ltr'>re</span> <span class='ocrx_word' id='word_1_183' title='bbox 224 2800 385 2920; x_wconf 75' lang='lat' dir='ltr'>poliunt</span> <span class='ocrx_word' id='word_1_184' title='bbox 421 2797 515 2881; x_wconf 83' lang='lat' dir='ltr'>clun</span> <span class='ocrx_word' id='word_1_185' title='bbox 546 2795 655 2878; x_wconf 71' lang='lat' dir='ltr'>varii</span> <span class='ocrx_word' id='word_1_186' title='bbox 687 2790 949 2878; x_wconf 83' lang='lat' dir='ltr'>inclinatione</span> <span class='ocrx_word' id='word_1_187' title='bbox 983 2797 1036 2881; x_wconf 81' lang='lat' dir='ltr'>ad</span> <span class='ocrx_word' id='word_1_188' title='bbox 1070 2795 1236 2912; x_wconf 84' lang='lat' dir='ltr'>planum</span> <span class='ocrx_word' id='word_1_189' title='bbox 1265 2803 1504 2910; x_wconf 77' lang='lat' dir='ltr'>reflectens,</span> 
     </span>
     <span class='ocr_line' id='line_1_24' title="bbox 139 2903 1506 3032; baseline -0.001 -26"><span class='ocrx_word' id='word_1_190' title='bbox 139 2951 221 3006; x_wconf 93' lang='lat' dir='ltr'>nec</span> <span class='ocrx_word' id='word_1_191' title='bbox 246 2917 326 3002; x_wconf 86' lang='lat' dir='ltr'>ulla</span> <span class='ocrx_word' id='word_1_192' title='bbox 352 2911 563 3030; x_wconf 85' lang='lat' dir='ltr'>peculiaris</span> <span class='ocrx_word' id='word_1_193' title='bbox 591 2905 651 2992; x_wconf 89' lang='lat' dir='ltr'>est</span> <span class='ocrx_word' id='word_1_194' title='bbox 680 2903 823 3003; x_wconf 87' lang='lat' dir='ltr'>causa,</span> <span class='ocrx_word' id='word_1_195' title='bbox 847 2939 919 2991; x_wconf 89' lang='lat' dir='ltr'>cur</span> <span class='ocrx_word' id='word_1_196' title='bbox 943 2911 996 2995; x_wconf 85' lang='lat' dir='ltr'>ad</span> <span class='ocrx_word' id='word_1_197' title='bbox 1023 2911 1098 2996; x_wconf 89' lang='lat' dir='ltr'>hos</span> <span class='ocrx_word' id='word_1_198' title='bbox 1118 2914 1277 3028; x_wconf 74' lang='lat' dir='ltr'>positio,</span> <span class='ocrx_word' id='word_1_199' title='bbox 1304 2915 1427 3032; x_wconf 76' lang='lat' dir='ltr'>quim</span> <span class='ocrx_word' id='word_1_200' title='bbox 1452 2927 1506 3012; x_wconf 83' lang='lat' dir='ltr'>ad</span> 
     </span>
     <span class='ocr_line' id='line_1_25' title="bbox 135 3021 1506 3147; baseline 0 -26"><span class='ocrx_word' id='word_1_201' title='bbox 135 3037 229 3121; x_wconf 89' lang='lat' dir='ltr'>illos</span> <span class='ocrx_word' id='word_1_202' title='bbox 256 3027 463 3142; x_wconf 87' lang='lat' dir='ltr'>angulos,</span> <span class='ocrx_word' id='word_1_203' title='bbox 502 3021 730 3108; x_wconf 76' lang='lat' dir='ltr'>reflectatur</span> <span class='ocrx_word' id='word_1_204' title='bbox 757 3049 901 3136; x_wconf 86' lang='lat' dir='ltr'>corpus</span> <span class='ocrx_word' id='word_1_205' title='bbox 926 3032 1192 3138; x_wconf 88' lang='lat' dir='ltr'>percutiens,</span> <span class='ocrx_word' id='word_1_206' title='bbox 1228 3031 1300 3144; x_wconf 88' lang='lat' dir='ltr'>qui</span> <span class='ocrx_word' id='word_1_207' title='bbox 1335 3039 1506 3147; x_wconf 85' lang='lat' dir='ltr'>majores</span> 
     </span>
     <span class='ocr_line' id='line_1_26' title="bbox 136 3134 1503 3255; baseline -0.005 -19"><span class='ocrx_word' id='word_1_208' title='bbox 136 3152 219 3236; x_wconf 75' lang='lat' dir='ltr'>sint</span> <span class='ocrx_word' id='word_1_209' title='bbox 247 3173 318 3232; x_wconf 89' lang='lat' dir='ltr'>aut</span> <span class='ocrx_word' id='word_1_210' title='bbox 344 3146 518 3226; x_wconf 91' lang='lat' dir='ltr'>minores</span> <span class='ocrx_word' id='word_1_211' title='bbox 548 3135 699 3248; x_wconf 86' lang='lat' dir='ltr'>angulo</span> <span class='ocrx_word' id='word_1_212' title='bbox 731 3134 1000 3236; x_wconf 74' lang='lat' dir='ltr'>incidentiae,</span> <span class='ocrx_word' id='word_1_213' title='bbox 1035 3167 1158 3255; x_wconf 89' lang='lat' dir='ltr'>quem</span> <span class='ocrx_word' id='word_1_214' title='bbox 1181 3144 1288 3229; x_wconf 84' lang='lat' dir='ltr'>linea</span> <span class='ocrx_word' id='word_1_215' title='bbox 1312 3149 1503 3238; x_wconf 70' lang='lat' dir='ltr'>diretrio.</span> 
     </span>
     <span class='ocr_line' id='line_1_27' title="bbox 135 3252 1503 3367; baseline -0.009 -17"><span class='ocrx_word' id='word_1_216' title='bbox 135 3269 204 3350; x_wconf 85' lang='lat' dir='ltr'>nis</span> <span class='ocrx_word' id='word_1_217' title='bbox 233 3258 365 3346; x_wconf 80' lang='lat' dir='ltr'>motds</span> <span class='ocrx_word' id='word_1_218' title='bbox 402 3252 610 3339; x_wconf 89' lang='lat' dir='ltr'>constituit</span> <span class='ocrx_word' id='word_1_219' title='bbox 641 3280 736 3336; x_wconf 90' lang='lat' dir='ltr'>cum</span> <span class='ocrx_word' id='word_1_220' title='bbox 773 3252 919 3336; x_wconf 87' lang='lat' dir='ltr'>eodem</span> <span class='ocrx_word' id='word_1_221' title='bbox 951 3253 1072 3367; x_wconf 86' lang='lat' dir='ltr'>plano</span> <span class='ocrx_word' id='word_1_222' title='bbox 1103 3257 1335 3347; x_wconf 76' lang='lat' dir='ltr'>reflestente</span> <span class='ocrx_word' id='word_1_223' title='bbox 1363 3296 1376 3359; x_wconf 72' lang='grc' dir='ltr'><strong><em>ς</em></strong></span> <span class='ocrx_word' id='word_1_224' title='bbox 1407 3267 1503 3357; x_wconf 75' lang='lat' dir='ltr'>reli.</span> 
     </span>
     <span class='ocr_line' id='line_1_28' title="bbox 135 3365 1501 3496; baseline 0.003 -33"><span class='ocrx_word' id='word_1_225' title='bbox 135 3409 271 3496; x_wconf 90' lang='lat' dir='ltr'>quum</span> <span class='ocrx_word' id='word_1_226' title='bbox 294 3373 384 3469; x_wconf 87' lang='lat' dir='ltr'>est,</span> <span class='ocrx_word' id='word_1_227' title='bbox 417 3396 462 3452; x_wconf 92' lang='lat' dir='ltr'>ut</span> <span class='ocrx_word' id='word_1_228' title='bbox 488 3367 640 3478; x_wconf 80' lang='lat' dir='ltr'>angulo</span> <span class='ocrx_word' id='word_1_229' title='bbox 664 3365 895 3448; x_wconf 75' lang='lat' dir='ltr'>incidentiae</span> <span class='ocrx_word' id='word_1_230' title='bbox 920 3367 1082 3484; x_wconf 83' lang='lat' dir='ltr'>aequalis</span> <span class='ocrx_word' id='word_1_231' title='bbox 1113 3371 1162 3454; x_wconf 90' lang='lat' dir='ltr'>srt</span> <span class='ocrx_word' id='word_1_232' title='bbox 1181 3375 1353 3487; x_wconf 89' lang='lat' dir='ltr'>angulus</span> <span class='ocrx_word' id='word_1_233' title='bbox 1377 3381 1501 3467; x_wconf 89' lang='lat' dir='ltr'>refle-</span> 
     </span>
     <span class='ocr_line' id='line_1_29' title="bbox 8 3479 1502 3606; baseline -0.009 -27"><span class='ocrx_word' id='word_1_234' title='bbox 8 3483 9 3486; x_wconf 24' lang='lat'>‘</span> <span class='ocrx_word' id='word_1_235' title='bbox 60 3507 68 3582; x_wconf 80' lang='grc'>’.</span> <span class='ocrx_word' id='word_1_236' title='bbox 126 3497 274 3581; x_wconf 73' lang='lat' dir='ltr'>‘irionis</span> <span class='ocrx_word' id='word_1_237' title='bbox 296 3523 308 3583; x_wconf 80' lang='lat'>5</span> <span class='ocrx_word' id='word_1_238' title='bbox 336 3487 424 3571; x_wconf 88' lang='lat' dir='ltr'>baec</span> <span class='ocrx_word' id='word_1_239' title='bbox 455 3482 648 3595; x_wconf 82' lang='lat' dir='ltr'>siquidem</span> <span class='ocrx_word' id='word_1_240' title='bbox 666 3479 773 3562; x_wconf 82' lang='lat' dir='ltr'>linea</span> <span class='ocrx_word' id='word_1_241' title='bbox 791 3481 842 3563; x_wconf 92' lang='lat' dir='ltr'>ad</span> <span class='ocrx_word' id='word_1_242' title='bbox 864 3481 1059 3592; x_wconf 85' lang='lat' dir='ltr'>angulum</span> <span class='ocrx_word' id='word_1_243' title='bbox 1084 3487 1204 3594; x_wconf 85' lang='lat' dir='ltr'>priori</span> <span class='ocrx_word' id='word_1_244' title='bbox 1230 3491 1422 3606; x_wconf 85' lang='lat' dir='ltr'>aequalem</span> <span class='ocrx_word' id='word_1_245' title='bbox 1441 3526 1502 3583; x_wconf 73' lang='lat' dir='ltr'>re.</span> 
     </span>
     <span class='ocr_line' id='line_1_30' title="bbox 133 3596 1504 3717; baseline 0 -22"><span class='ocrx_word' id='word_1_246' title='bbox 133 3609 248 3695; x_wconf 87' lang='lat' dir='ltr'>flexa</span> <span class='ocrx_word' id='word_1_247' title='bbox 273 3606 394 3687; x_wconf 91' lang='lat' dir='ltr'>unica</span> <span class='ocrx_word' id='word_1_248' title='bbox 414 3596 499 3694; x_wconf 86' lang='lat' dir='ltr'>cst,</span> <span class='ocrx_word' id='word_1_249' title='bbox 521 3625 609 3710; x_wconf 82' lang='lat' dir='ltr'>quat</span> <span class='ocrx_word' id='word_1_250' title='bbox 635 3599 740 3676; x_wconf 89' lang='lat' dir='ltr'>inter</span> <span class='ocrx_word' id='word_1_251' title='bbox 759 3598 989 3680; x_wconf 88' lang='lat' dir='ltr'>innumeras</span> <span class='ocrx_word' id='word_1_252' title='bbox 1017 3597 1112 3684; x_wconf 86' lang='lat' dir='ltr'>alias</span> <span class='ocrx_word' id='word_1_253' title='bbox 1133 3599 1257 3686; x_wconf 85' lang='lat' dir='ltr'>lineas</span> <span class='ocrx_word' id='word_1_254' title='bbox 1282 3613 1410 3717; x_wconf 84' lang='lat' dir='ltr'>magis</span> <span class='ocrx_word' id='word_1_255' title='bbox 1432 3641 1504 3696; x_wconf 87' lang='lat' dir='ltr'>aut</span> 
     </span>
     <span class='ocr_line' id='line_1_31' title="bbox 131 3709 1502 3828; baseline 0.001 -18"><span class='ocrx_word' id='word_1_256' title='bbox 131 3721 274 3810; x_wconf 75' lang='lat' dir='ltr'>minus</span> <span class='ocrx_word' id='word_1_257' title='bbox 313 3715 522 3800; x_wconf 82' lang='lat' dir='ltr'>inclinatas</span> <span class='ocrx_word' id='word_1_258' title='bbox 559 3713 706 3824; x_wconf 89' lang='lat' dir='ltr'>potiori</span> <span class='ocrx_word' id='word_1_259' title='bbox 739 3709 915 3822; x_wconf 88' lang='lat' dir='ltr'>quodam</span> <span class='ocrx_word' id='word_1_260' title='bbox 952 3715 1042 3824; x_wconf 80' lang='lat' dir='ltr'>jure</span> <span class='ocrx_word' id='word_1_261' title='bbox 1076 3720 1254 3828; x_wconf 84' lang='lat' dir='ltr'>exigitur</span> <span class='ocrx_word' id='word_1_262' title='bbox 1293 3716 1317 3804; x_wconf 67' lang='lat' dir='ltr'>i</span> <span class='ocrx_word' id='word_1_263' title='bbox 1360 3723 1502 3812; x_wconf 74' lang='lat' dir='ltr'>naturai</span> 
     </span>
     <span class='ocr_line' id='line_1_32' title="bbox 129 3823 1500 3953; baseline -0.001 -32"><span class='ocrx_word' id='word_1_264' title='bbox 129 3837 281 3953; x_wconf 88' lang='lat' dir='ltr'>prioris</span> <span class='ocrx_word' id='word_1_265' title='bbox 315 3823 549 3917; x_wconf 67' lang='lat' dir='ltr'>directionis</span> <span class='ocrx_word' id='word_1_266' title='bbox 588 3824 738 3936; x_wconf 88' lang='lat' dir='ltr'>leges,</span> <span class='ocrx_word' id='word_1_267' title='bbox 777 3825 938 3938; x_wconf 84' lang='lat' dir='ltr'>quoad·</span> <span class='ocrx_word' id='word_1_268' title='bbox 957 3827 1044 3910; x_wconf 83' lang='lat' dir='ltr'>fieri</span> <span class='ocrx_word' id='word_1_269' title='bbox 1085 3832 1256 3934; x_wconf 91' lang='lat' dir='ltr'>potest,</span> <span class='ocrx_word' id='word_1_270' title='bbox 1290 3841 1500 3930; x_wconf 82' lang='lat' dir='ltr'>retinente.</span> 
     </span>
     <span class='ocr_line' id='line_1_33' title="bbox 41 3937 1500 4052; baseline -0.006 -16"><span class='ocrx_word' id='word_1_271' title='bbox 41 3985 44 3990; x_wconf 86' lang='lat'>·</span> <span class='ocrx_word' id='word_1_272' title='bbox 132 3959 242 4041; x_wconf 91' lang='lat' dir='ltr'>Non</span> <span class='ocrx_word' id='word_1_273' title='bbox 265 3946 325 4036; x_wconf 84' lang='lat' dir='ltr'>cst</span> <span class='ocrx_word' id='word_1_274' title='bbox 348 3972 485 4032; x_wconf 87' lang='lat' dir='ltr'>autem</span> <span class='ocrx_word' id='word_1_275' title='bbox 515 3937 672 4025; x_wconf 85' lang='lat' dir='ltr'>neeesse</span> <span class='ocrx_word' id='word_1_276' title='bbox 701 3966 884 4048; x_wconf 86' lang='lat' dir='ltr'>tyronem</span> <span class='ocrx_word' id='word_1_277' title='bbox 909 3969 1073 4028; x_wconf 91' lang='lat' dir='ltr'>monete</span> <span class='ocrx_word' id='word_1_278' title='bbox 1098 4007 1110 4043; x_wconf 88' lang='lat'>,</span> <span class='ocrx_word' id='word_1_279' title='bbox 1133 3946 1232 4032; x_wconf 87' lang='lat' dir='ltr'>duas</span> <span class='ocrx_word' id='word_1_280' title='bbox 1256 3947 1409 4052; x_wconf 77' lang='lat' dir='ltr'>lineas,</span> <span class='ocrx_word' id='word_1_281' title='bbox 1434 3957 1500 4040; x_wconf 76' lang='lat' dir='ltr'>di.</span> 
     </span>
     <span class='ocr_line' id='line_1_34' title="bbox 130 4053 1504 4170; baseline 0.001 -18"><span class='ocrx_word' id='word_1_282' title='bbox 130 4071 361 4154; x_wconf 75' lang='lat' dir='ltr'>rectam&amp;</span> <span class='ocrx_word' id='word_1_283' title='bbox 385 4058 575 4155; x_wconf 79' lang='lat' dir='ltr'>reflexam</span> <span class='ocrx_word' id='word_1_284' title='bbox 599 4060 643 4138; x_wconf 91' lang='lat' dir='ltr'>in</span> <span class='ocrx_word' id='word_1_285' title='bbox 676 4058 827 4170; x_wconf 66' lang='lat' dir='ltr'>punito</span> <span class='ocrx_word' id='word_1_286' title='bbox 855 4053 1082 4142; x_wconf 85' lang='lat' dir='ltr'>reflexionis</span> <span class='ocrx_word' id='word_1_287' title='bbox 1109 4092 1397 4151; x_wconf 86' lang='lat' dir='ltr'>concurrentes</span> <span class='ocrx_word' id='word_1_288' title='bbox 1423 4067 1504 4157; x_wconf 87' lang='lat' dir='ltr'>else</span> 
     </span>
     <span class='ocr_line' id='line_1_35' title="bbox 130 4170 1503 4287; baseline 0.002 -19"><span class='ocrx_word' id='word_1_289' title='bbox 130 4189 179 4268; x_wconf 92' lang='lat' dir='ltr'>in</span> <span class='ocrx_word' id='word_1_290' title='bbox 213 4211 299 4265; x_wconf 88' lang='lat' dir='ltr'>uno</span> <span class='ocrx_word' id='word_1_291' title='bbox 327 4179 369 4262; x_wconf 73' lang='grc' dir='ltr'>δι</span> <span class='ocrx_word' id='word_1_292' title='bbox 396 4175 540 4258; x_wconf 90' lang='lat' dir='ltr'>codem</span> <span class='ocrx_word' id='word_1_293' title='bbox 571 4171 691 4287; x_wconf 90' lang='lat' dir='ltr'>plano</span> <span class='ocrx_word' id='word_1_294' title='bbox 718 4231 731 4268; x_wconf 93' lang='lat'>,</span> <span class='ocrx_word' id='word_1_295' title='bbox 767 4197 813 4252; x_wconf 91' lang='lat' dir='ltr'>ut</span> <span class='ocrx_word' id='word_1_296' title='bbox 835 4170 991 4258; x_wconf 83' lang='lat' dir='ltr'>constat</span> <span class='ocrx_word' id='word_1_297' title='bbox 1020 4202 1084 4259; x_wconf 86' lang='lat' dir='ltr'>ex.</span> <span class='ocrx_word' id='word_1_298' title='bbox 1103 4211 1136 4259; x_wconf 90' lang='lat'>2.</span> <span class='ocrx_word' id='word_1_299' title='bbox 1157 4175 1227 4260; x_wconf 91' lang='lat' dir='ltr'>lib.</span> <span class='ocrx_word' id='word_1_300' title='bbox 1253 4209 1316 4264; x_wconf 86' lang='lat'>11.</span> <span class='ocrx_word' id='word_1_301' title='bbox 1338 4181 1391 4266; x_wconf 91' lang='lat' dir='ltr'>ab</span> <span class='ocrx_word' id='word_1_302' title='bbox 1419 4186 1503 4271; x_wconf 91' lang='lat' dir='ltr'>hoc</span> 
     </span>
     <span class='ocr_line' id='line_1_36' title="bbox 126 4283 1563 4406; baseline 0 -22"><span class='ocrx_word' id='word_1_303' title='bbox 126 4325 274 4384; x_wconf 83' lang='lat' dir='ltr'>antem</span> <span class='ocrx_word' id='word_1_304' title='bbox 291 4291 410 4406; x_wconf 87' lang='lat' dir='ltr'>plano</span> <span class='ocrx_word' id='word_1_305' title='bbox 423 4289 542 4373; x_wconf 88' lang='lat' dir='ltr'>secari</span> <span class='ocrx_word' id='word_1_306' title='bbox 558 4287 723 4400; x_wconf 89' lang='lat' dir='ltr'>planum</span> <span class='ocrx_word' id='word_1_307' title='bbox 742 4283 973 4388; x_wconf 76' lang='lat' dir='ltr'>refleuens,</span> <span class='ocrx_word' id='word_1_308' title='bbox 990 4317 1037 4372; x_wconf 82' lang='lat' dir='ltr'>ac</span> <span class='ocrx_word' id='word_1_309' title='bbox 1055 4288 1225 4402; x_wconf 89' lang='lat' dir='ltr'>proinde</span> <span class='ocrx_word' id='word_1_310' title='bbox 1250 4295 1302 4378; x_wconf 88' lang='lat' dir='ltr'>ad</span> <span class='ocrx_word' id='word_1_311' title='bbox 1323 4293 1497 4399; x_wconf 86' lang='lat' dir='ltr'>lineam,</span> <span class='ocrx_word' id='word_1_312' title='bbox 1559 4357 1563 4362; x_wconf 93' lang='lat'>-</span> 
     </span>
     <span class='ocr_line' id='line_1_37' title="bbox 129 4405 1504 4528; baseline 0.004 -32"><span class='ocrx_word' id='word_1_313' title='bbox 129 4443 228 4528; x_wconf 85' lang='lat' dir='ltr'>quae</span> <span class='ocrx_word' id='word_1_314' title='bbox 248 4409 493 4493; x_wconf 87' lang='lat' dir='ltr'>estduorurn</span> <span class='ocrx_word' id='word_1_315' title='bbox 511 4405 723 4520; x_wconf 85' lang='lat' dir='ltr'>planorum</span> <span class='ocrx_word' id='word_1_316' title='bbox 745 4409 971 4488; x_wconf 84' lang='lat' dir='ltr'>communis</span> <span class='ocrx_word' id='word_1_317' title='bbox 993 4405 1139 4502; x_wconf 76' lang='lat' dir='ltr'>sertio,</span> <span class='ocrx_word' id='word_1_318' title='bbox 1160 4405 1408 4497; x_wconf 85' lang='lat' dir='ltr'>referendam</span> <span class='ocrx_word' id='word_1_319' title='bbox 1424 4412 1504 4502; x_wconf 85' lang='lat' dir='ltr'>else</span> 
     </span>
     <span class='ocr_line' id='line_1_38' title="bbox 125 4514 1040 4614; baseline -0.016 0"><span class='ocrx_word' id='word_1_320' title='bbox 125 4521 519 4614; x_wconf 75' lang='lat' dir='ltr'>lineartunillatum</span> <span class='ocrx_word' id='word_1_321' title='bbox 545 4514 864 4603; x_wconf 81' lang='lat' dir='ltr'>inclinationem</span> <span class='ocrx_word' id='word_1_322' title='bbox 1033 4521 1040 4528; x_wconf 75' lang='grc'>”</span> 
     </span>
    </p>
   </div>
   <div class='ocr_carea' id='block_1_4' title="bbox 195 4631 1510 4842">
    <p class='ocr_par' dir='ltr' id='par_1_4' title="bbox 195 4631 1510 4842">
     <span class='ocr_line' id='line_1_39' title="bbox 195 4631 1510 4840; baseline 0.011 -119"><span class='ocrx_word' id='word_1_323' title='bbox 195 4647 342 4754; x_wconf 83' lang='lat' dir='ltr'>Qrare</span> <span class='ocrx_word' id='word_1_324' title='bbox 363 4637 409 4721; x_wconf 91' lang='lat' dir='ltr'>srt</span> <span class='ocrx_word' id='word_1_325' title='bbox 435 4631 546 4750; x_wconf 82' lang='lat' dir='ltr'>plani</span> <span class='ocrx_word' id='word_1_326' title='bbox 568 4631 840 4734; x_wconf 69' lang='lat' dir='ltr'>resistimus,</span> <span class='ocrx_word' id='word_1_327' title='bbox 869 4642 912 4721; x_wconf 71' lang='lat' dir='ltr'>dc</span> <span class='ocrx_word' id='word_1_328' title='bbox 938 4631 1047 4750; x_wconf 86' lang='lat' dir='ltr'>plani</span> <span class='ocrx_word' id='word_1_329' title='bbox 1067 4641 1156 4840; x_wconf 61' lang='grc' dir='ltr'>,Ζίἓ</span> <span class='ocrx_word' id='word_1_330' title='bbox 1180 4667 1262 4754; x_wconf 90' lang='lat' dir='ltr'>quo</span> <span class='ocrx_word' id='word_1_331' title='bbox 1285 4637 1333 4728; x_wconf 88' lang='lat' dir='ltr'>fit</span> <span class='ocrx_word' id='word_1_332' title='bbox 1357 4669 1510 4779; x_wconf 74' lang='lat' dir='ltr'>motus,</span> 
     </span>
     <span class='ocr_line' id='line_1_40' title="bbox 1168 4781 1233 4842; baseline 0 0"><span class='ocrx_word' id='word_1_333' title='bbox 1168 4781 1192 4842; x_wconf 91' lang='lat' dir='ltr'>z</span> <span class='ocrx_word' id='word_1_334' title='bbox 1210 4789 1233 4842; x_wconf 92' lang='lat' dir='ltr'>z</span> 
     </span>
    </p>
   </div>
   <div class='ocr_carea' id='block_1_5' title="bbox 0 0 1902 5270">
    <p class='ocr_par' dir='ltr' id='par_1_5' title="bbox 0 0 1902 5270">
     <span class='ocr_line' id='line_1_41' title="bbox 0 0 1902 5270; baseline 0 5"><span class='ocrx_word' id='word_1_335' title='bbox 0 0 1902 5270; x_wconf 95' lang='lat' dir='ltr'> </span> 
     </span>
    </p>
   </div>
  </div>
 </body>
</html>
