3780 5270
382 231 490 372 366
851 213 1290 349 Merianicomm,
1324 250 1327 259 '

377 373 428 476 id
443 385 556 504 quod
580 413 679 472 tunc
702 382 943 505 potissimum
965 371 1325 500 usurpari'potest,
1347 373 1444 468 clam
1460 367 1638 468 elevatio
1657 411 1751 500 pon·

377 505 488 592 deris
508 504 561 588 ad
575 502 751 618 aliquam
771 533 855 587 non
876 499 1085 613 minimam
1098 501 1355 586 altitudinem
1376 503 1595 614 requiritur
1612 533 1625 593 5
1642 529 1752 616 opor·

378 645 442 704 tet
460 613 572 704 enim
589 617 927 734 hypomochlium
948 615 972 699 ὲ
988 619 1172 732 pondere
1191 611 1404 700 intervallo
1425 611 1595 699 notabili
1613 612 1756 716 abesse,

374 737 494 821 'unde
512 745 553 821 ὃ(
567 740 694 850 major
708 731 902 819 movendi
916 731 1132 818 difficultas
1152 736 1307 829 oritur,
1325 747 1455 844 atque
1467 724 1626 815 ideircb
1645 730 1751 816 adn,

374 839 608 936 atlsucculi
626 855 850 966 potentiam
868 847 1000 958 juvari
1017 842 1267 933 necesseest.
1306 845 1527 930 Suceulam
1555 841 1658 930 verb
1683 871 1753 959 po-

372 963 466 1051 rtiiu
480 964 756 1052 adhibendam
772 991 997 1080 proponere
1016 964 1152 1050 censui
1167 1023 1179 1062 ,
1202 957 1356 1079 quippe
1373 989 1464 1076 quae
1482 969 1532 1048 &³
1547 959 1756 1077 parabilior

304 1171 309 1181 ,
383 1080 474 1180 cst,
502 1092 543 1168 δι
562 1083 838 1180 commodior,
866 1107 945 1164 nec
968 1079 1107 1180 multis
1123 1076 1608 1196 impensrspconstrultur:
1631 1077 1756 1169 Care·

371 1202 478 1281 Jrum
493 1226 569 1281 nec
582 1199 797 1309 Ergatam,
819 1224 898 1282 nec
916 1223 1107 1310 tympana
1124 1193 1193 1283 seu
1218 1193 1382 1300 Grues,
1411 1221 1488 1278 nec
1502 1217 1610 1276 rotas
1621 1192 1756 1278 denta-

367 1311 787 1430 ‘jta‘s,s1placuerint,
809 1311 999 1414 expludo.
1270 1343 1282 1354 ‘·
1351 1340 1353 1348 ⁴

374 1430 507 1512 {⁴³²Ex
527 1428 590 1513 his
607 1423 695 1513 saitis
709 1427 839 1542 liquet
858 1427 992 1544 :qun
1005 1427 1058 1512 de
1080 1429 1210 1513 Verte
1228 1427 1335 1542 tertij
1355 1429 1515 1540 generis
1536 1420 1759 1512 dicendum

375 1541 465 1642 ut,
498 1547 648 1659 inquo
674 1547 860 1630 Potentia
886 1545 1020 1628 media
1040 1545 1145 1627 inter
1167 1545 1325 1660 pondus
1354 1555 1396 1630 δι
1422 1541 1759 1656 hypomochlium

375 1657 642 1745 'eollocaturt
673 1655 847 1744 Succula
869 1654 1021 1742 scilicet
1044 1660 1088 1740 in
1105 1655 1307 1774 superiore
1329 1657 1422 1743 loco
1444 1659 1659 1742 statuerma
1683 1655 1759 1756 est,

370 1777 448 1874 iiia
464 1800 510 1857 ut
527 1773 636 1858 funis
654 1775 857 1860 ductarius
875 1775 1034 1858 veliem
1049 1773 1328 1888 apprehendat
1348 1835 1359 1873 ,
1390 1773 1460 1858 ubi
1484 1777 1679 1889 potentiae
1701 1774 1759 1858 lo-

370 1893 463 1973 jeus
479 1887 692 2002 assignatur
708 1927 718 1975 ε
740 1887 808 1974 sed
834 1894 1028 2003 quoniam
1041 1889 1256 2000 minonest
1267 1893 1465 2006 p'otentiae
1479 1949 1498 1994 ,Ι
1513 1883 1641 2002 quim
1659 1917 1761 2004 pon·

372 2005 497 2089 lieris
519 2033 677 2105 motus,
700 2015 742 2097 δι
770 2003 958 2116 augenda
980 2001 1071 2088 sunt
1085 2005 1283 2120 poteritiae‘
1293 2031 1525 2101 momenta,
1542 2031 1590 2088 ut
1606 2007 1761 2120 ponde·

371 2125 383 2145 ”
391 2121 446 2210 ris
466 2124 650 2236 gravitati
666 2121 871 2206 elevanda
885 2147 957 2234 par
972 2119 1044 2216 srt,
1061 2121 1140 2204 Axi
1156 2121 1371 2206 addendus'
1389 2119 1448 2204 ert
1464 2121 1621 2204 Radius
1647 2145 1761 2206 tanta

374 2235 688 2350 longitudinis,
707 2267 753 2321 ut
766 2239 947 2352 potentia
964 2235 1139 2344 uoniam
1161 2233 1308 2336 veui,
1332 2235 1400 2322 sed
1416 2235 1550 2320 Radio
1567 2235 1763 2352 applicata

392 2351 573 2442 velocius
586 2379 820 2451 moveatur,
835 2346 959 2466 quim
975 2351 1148 2464 pondus.
1727 2403 1732 2408 -

368 2493 395 2518 ²
452 2469 665 2552 Hatienus
694 2471 828 2553 Axem
859 2469 908 2548 in
939 2467 1193 2554 Peritrochio
1223 2469 1407 2556 additum
1434 2465 1553 2554 Veni
1579 2469 1763 2558 confide-

310 2587 316 2602 '
395 2587 607 2681 ravimus,
647 2610 847 2700 quatenus
881 2585 1051 2668 Veiiem
1094 2580 1312 2670 solitarium
1353 2586 1552 2668 infirmior
1587 2593 1767 2702 potentia

395 2720 579 2786 movere
607 2697 751 2816 nequit
783 2737 794 2782 ε
825 2699 953 2783 Nunc
991 2701 1163 2786 Vedicm
1199 2696 1347 2786 addere
1384 2727 1573 2816 opportet
1601 2702 1687 2786 Axi
1726 2710 1767 2788 in

395 2812 649 2903 Peritrochio
670 2877 682 2913 ,
704 2841 750 2900 ut
773 2815 896 2927 hujus
917 2807 1007 2896 usus
1029 2812 1099 2899 illo
1120 2815 1259 2902 addito
1274 2815 1627 2901 facilioraccidat.
1671 2820 1765 2904 Ma·

397 2927 608 3016 chinulam
628 2925 763 3015 secum
783 2929 973 3016 deferunt
998 2936 1270 3015 communiter
1290 2931 1440 3043 auriga
1466 2935 1509 3013 in
1536 2933 1767 3034 Germania,

395 3075 480 3158 qua
504 3071 630 3126 rotam
657 3042 832 3144 eurriis,
862 3044 891 3128 fi
919 3043 1027 3130 forte
1053 3044 1154 3130 limo
1180 3047 1419 3165 profunditis
1445 3047 1572 3134 infixa
1596 3048 1767 3136 inhaest-

398 3159 480 3256 rit,
508 3155 751 3261 sublevant,
779 3191 827 3248 ac
855 3159 1025 3280 proinde
1052 3166 1158 3246 rede
1192 3165 1423 3241 pancratium
1450 3168 1664 3269 aurigarum
1687 3169 1770 3250 dici

353 3355 358 3360 .
397 3274 551 3397 potest:
582 3276 750 3361 Lamina
771 3275 832 3362 est
850 3273 1048 3474 chalpbea
1070 3277 1348 3378 denticulaia,
1378 3276 1447 3362 cui
1470 3279 1602 3364 rotula
1624 3281 1773 3396 pariter

398 3395 564 3481 dentata
587 3397 808 3506 congruit,
833 3392 931 3498 cuju
948 3391 1059 3476 modi
1081 3391 1200 3478 initio
1228 3401 1368 3510 capitis
1399 3405 1436 3478 6.
1469 3392 1769 3512 descripsimus:

399 3507 565 3631 parvula
594 3531 730 3592 tamen
753 3506 813 3594 est
833 3506 964 3592 rotula
979 3505 1076 3607 illa,
1105 3504 1172 3610 sed
1199 3522 1386 3595 centrum
1412 3509 1568 3595 habens
1590 3543 1773 3600 commu-

399 3654 454 3711 ne
471 3651 566 3710 cum
585 3621 670 3708 rotal
692 3627 844 3732 majore
861 3622 1040 3708 similiter
1061 3623 1227 3711 dentati
1247 3687 1258 3726 ,
1284 3657 1336 3712 ex
1364 3627 1482 3733 cujus
1509 3631 1773 3716 conversione

400 3741 535 3824 minor
560 3737 852 3836 convolvitur,
889 3736 1148 3825 &laminam
1174 3737 1325 3827 sursum
1352 3739 1552 3858 propellit.
1606 3747 1775 3864 Majoris

400 3883 496 3940 rotae
516 3855 659 3940 dentes
683 3855 953 3970 apprehendit
975 3857 1076 3939 Axis
1106 3853 1292 3956 striatus,
1318 3863 1435 3974 cujus
1461 3853 1593 3943 motus
1620 3865 1777 3976 princi·

400 3975 514 4089 pium
537 3967 702 4055 ducitur
728 3971 752 4056 ai
777 3969 991 4056 manubrio
1011 3999 1127 4056 extra
1148 3972 1468 4060 loculamentum
1497 3975 1549 4074 ad
1573 3977 1680 4061 latus
1703 4009 1776 4064 ex·

278 4175 281 4184 ,
401 4113 524 4172 tante.
563 4085 871 4200 Qareduplex
893 4085 954 4172 est
972 4084 1125 4184 Ratio,
1149 4087 1342 4179 videlicet
1363 4089 1565 4205 manubrij
1585 4095 1634 4178 ad
1661 4093 1779 4181 sturi-

401 4204 644 4288 diametrum
672 4207 756 4286 axis
788 4199 941 4298 striati,
962 4229 1084 4316 atque
1106 4204 1291 4302 diametri
1316 4235 1410 4291 rotae
1433 4208 1597 4314 majoris
1620 4213 1675 4296 ad
1690 4213 1778 4299 dia-

375 4342 577 4419 ¹,metrum
607 4317 744 4402 rotula
768 4315 934 4403 minoris
965 4324 1234 4425 concentricae
1262 4356 1274 4416 3
1304 4337 1356 4426 ux
1383 4321 1531 4438 quibus
1556 4336 1779 4442 componi·

359 4461 471 4516 ···tur
493 4433 616 4514 Ratio
638 4431 770 4518 motiis
796 4431 991 4518 Potentia
1015 4435 1273 4520 manubrium
1296 4431 1511 4536 versantis,
1534 4441 1587 4524 ad
1616 4472 1781 4529 motum

358 4549 369 4594 ¹³
401 4547 591 4668 ponderis
608 4545 812 4636 sublevati.
854 4555 967 4670 Qia
981 4547 1229 4641 autem'fieri
1250 4557 1382 4671 potest
1400 4615 1412 4656 ,
1433 4573 1481 4639 ut
1496 4581 1569 4638 aut
1583 4558 1639 4644 de
1664 4561 1783 4647 lami.

1723 4680 1782 4764 n'ae
