3794 5270
381 297 385 303 .
446 191 565 332 79&
789 230 813 340 ‚f
870 269 883 342 t
935 195 1363 346 Machanicomm
1424 213 1454 281 ⁴'
1492 234 1524 322 i.

448 345 592 468 quinti
616 347 800 448 foramen
832 361 1040 482 integrum
1066 363 1260 476 exhibeat
1273 354 1612 480 ejr'sfflem'eirculi
1629 369 1781 482 colores,

447 464 553 556 lunae'
568 473 714 562 Phases
729 475 753 566 ὲ
768 479 990 584 foramine,
1007 478 1152 596 &ejus
1166 510 1258 571 aetas
1271 480 1753 596 dlinguld'indicabuntur.

508 593 636 704 Qud
648 594 950 711 fivplacuerit'in
967 597 1113 712 eidem
1125 599 1253 700 faeie,
1265 597 1312 685 in
1324 595 1620 718 quadosc'riptae
1639 601 1716 690 sunt
1729 612 1783 695 ho

446 731 526 833 1εεῖ
538 708 661 795 etiam
676 711 781 798 lunit
794 711 936 830 phases
955 727 995 804 &
1016 709 1175 803 morum
1187 729 1444 836 apparerere,
1461 715 1657 829 oportebit
1671 727 1725 808 axi
1738 729 1781 810 in.

447 821 549 908 dicrs
566 825 758 916 horarum
773 859 950 940 aptatam
962 835 1132 926 rotulam
1143 833 1371 940 denticulos
1380 831 1531 936 habere
1546 835 1598 918 ad
1609 846 1783 954 perpendi·

448 939 587 1032 culum
607 945 775 1046 infixos,
794 952 867 1064 qui
889 949 1137 1064 curriculum
1149 1013 1163 1050 ,
1177 949 1246 1038 seu
1263 950 1505 1046 Vertebram
1531 949 1694 1038 striatam
1711 987 1781 1042 con·

446 1083 634 1160 vertant,
656 1063 715 1146 ita
732 1092 777 1146 ut
798 1061 991 1153 vertebrae
1007 1061 1237 1178 hujusmodi
1267 1098 1348 1150 una
1364 1065 1578 1152 conversio
1601 1066 1710 1177 plane
1724 1071 1780 1156 iis

445 1171 602 1260 chrona
626 1177 674 1262 fit
701 1183 771 1263 uni
787 1181 1040 1272 converfioni
1058 1185 1205 1273 indicis
1219 1171 1424 1268 horarum.
1469 1183 1668 1272 Curriculi
1682 1215 1783 1274 auten

444 1292 588 1387 axisin
605 1293 816 1384 cochleam
830 1296 1035 1385 infinitam
1044 1299 1291 1386 deformatus
1306 1326 1517 1384 convertat
1533 1309 1782 1414 tympanunin

443 1405 587 1508 dentes
608 1443 659 1521 59
680 1410 915 1499 distinctum
936 1475 948 1514 ,
967 1417 1080 1534 quod
1096 1415 1319 1508 collocetur
1333 1415 1455 1503 faciei
1472 1415 1720 1502 loculamenti
1730 1447 1780 1532 pa-

443 1518 627 1612 rallelum
638 1562 650 1623 s
669 1527 790 1636 hujus
803 1530 1002 1646 siquidem
1020 1533 1232 1620 conversro
1251 1530 1296 1616 in
1322 1532 1468 1618 cidem
1485 1531 1778 1618 loculamentifa·
1822 1573 1825 1582 Δ

444 1641 507 1724 ¹cie
520 1701 531 1738 ,
545 1644 588 1726 in
600 1675 681 1760 qua
692 1657 734 1734 δι
746 1645 856 1733 horat
870 1647 1125 1748 indicantur,
1142 1645 1558 1765 repraesentabitluuae
1569 1645 1709 1762 phasec.

501 1759 560 1842 At
582 1757 784 1848 fifortaffe
798 1761 972 1856 volueris
987 1769 1032 1850 in
1046 1763 1189 1852 eidem
1207 1761 1418 1852 Automati
1434 1765 1541 1849 facie
1561 1769 1616 1848 ira
1632 1793 1779 1880 apparere

441 1869 563 1958 horas
576 1884 619 1962 dc
632 1873 738 1964 lunae
753 1873 935 1980 aetatem,
951 1876 1193 1996 utproxi'me
1211 1879 1347 1966 salteni
1359 1883 1589 1992 indicetur3
1604 1881 1714 1996 quoti
1723 1883 1777 1966 ho·

441 1983 483 2082 ru
497 1991 656 2078 accidat
669 1994 944 2082 Novilunium
956 2025 1026 2085 aut
1037 1995 1340 2094 plenilunium,
1360 1991 1576 2112 postquain
1592 1994 1698 2080 semei
1710 2001 1778 2111 jur·

440 2129 482 2188 ta
495 2107 785 2222 Ephemerides
802 2109 1081 2200 conciliaveris
1092 2115 1250 2200 indices
1262 2115 1454 2216 horarum
1469 2123 1512 2200 dc
1525 2112 1632 2200 lunae
1643 2149 1655 2222 φ
1666 2143 1732 2195 non
1743 2111 1778 2196 s-

350 2235 358 2242 “
440 2224 491 2312 tis
509 2227 584 2310 erit
598 2227 799 2314 indentes
815 2261 866 2338 59
884 2223 1106 2320 distinxiffe
1121 2259 1373 2348 tympanum,
1387 2229 1506 2340 cujus
1519 2223 1663 2339 singuli
1675 2228 1778 2313 dentes

439 2343 551 2429 horis
570 2370 618 2426 tt
644 2371 995 2458 promoveanturs
1024 2345 1225 2462 fiquide'm
1247 2343 1393 2432 mensis
1419 2342 1572 2429 lunaris
1599 2345 1777 2455 Synodicus

439 2457 722 2572 complestitur
743 2458 834 2546 dies¹
848 2495 924 2570 29,
941 2461 1061 2546 horas
1077 2465 1131 2546 '12
1154 2522 1167 2559 ,
1191 2462 1350 2547 minut‘a
1365 2491 1443 2568 44,
1460 2459 1544 2545 hoc
1560 2457 1619 2544 est
1636 2459 1709 2544 fere
1724 2488 1777 2544 tres
1847 2475 1848 2528 ¹

438 2575 829 2691 horaequadrantest
844 2605 886 2677 at
917 2571 1089 2672 ueaded
1108 2575 1200 2694 post
1211 2581 1315 2666 duos
1327 2577 1483 2662 menses
1499 2577 1624 2662 index
1639 2575 1725 2660 luna
1736 2579 1777 2658 in·
1846 2533 1848 2630 i

436 2697 593 2786 dicaret
605 2691 879 2778 Novilunium
888 2607 1127 2808 iesquihord
1140 2691 1286 2794 titiis,
1302 2691 1426 2811 qudtn
1443 2691 1660 2806 parfuerit,
1675 2687 1777 2806 &post

436 2841 594 2900 annum
615 2811 740 2896 index
762 2835 1035 2914 anteverteret
1054 2839 1199 2896 verum
1221 2807 1499 2900 Noviluniurn
1522 2837 1668 2892 novem
1688 2807 1774 2893 horis.

434 2929 578 3132 Ἕκα
592 2923 659 3013 axi
675 2927 793 3011 horas
808 2923 1010 3011 indicanti
1037 2955 1124 3010 non
1140 2923 1238 3012 effer
1262 2926 1514 3042 copulandus
1538 2927 1625 3008 axis
1641 2921 1776 3008 cochlea

385 3065 386 3069 '
436 3053 480 3134 in
515 3048 629 3139 nicae,
647 3043 765 3154 cujus
788 3068 1028 3158 tympanum
1047 3040 1168 3129 aliam
1186 3047 1368 3164 exigeret
1381 3045 1571 3152 dentiurn
1586 3039 1773 3138 multitudi·
1843 3033 1844 3086 Ὺ

436 3193 558 3256 nenia
576 3157 644 3244 sed
661 3155 874 3272 peculiaris
893 3153 980 3244 axis
1001 3155 1237 3263 statuendus
1255 3156 1380 3254 effes,
1401 3163 1517 3272 cujus
1539 3153 1775 3241 converioiu

435 3304 749 3394 temperaretur,
766 3305 812 3363 ut
826 3275 937 3362 horis
951 3274 1146 3360 undecim
1162 3305 1258 3360 cunr
1274 3275 1500 3392 quadrante
1523 3269 1773 3362 absolverent

435 3421 673 3513 tympanum
687 3384 787 3476 verd
801 3419 878 3500 ‚ex
892 3395 1008 3474 cu‘us
1019 3389 1283 3478 converfione
1296 3389 1610 3478 convolveretur
1621 3385 1773 3473 indtxlu·
1839 3449 1840 3544 Ν

433 3545 498 3600 nae
510 3506 862 3614 ,distribuendum
882 3421 979 3592 essdt
991 3509 1036 3588 in
1049 3506 1193 3590 dentes
1209 3520 1259 3614 63
1277 3543 1288 3604 3
1307 3509 1431 3626 hujus
1445 3509 1558 3590 enim
1579 3511 1689 3590 unica
1703 3532 1773 3588 con·
1838 3565 1839 3657 Ν

433 3629 562 3718 verfio
575 3621 834 3739 responderet,
850 3619 1181 3736 conteriionibus
1200 3637 1226 3707 6
1230 3659 1251 3734 3
1269 3629 1354 3712 axis
1371 3689 1382 3726 ‚
1403 3627 1521 3731 cujus
1541 3619 1775 3735 fingulaecon·

370 3804 373 3812 .
432 3743 634 3837 versiones
664 3739 959 3855 perficerentur
983 3737 1103 3824 horis
1131 3768 1175 3822 11
1199 3743 1221 3856 ξ
1244 3731 1262 3830 s¹
1281 3767 1527 3858 quapropter
1558 3741 1676 3823 index
1699 3737 1773 3820 luna
1837 3751 1838 3771 ¹

434 3880 543 3968 suam
557 3874 859 3962 conve'ifionem
872 3871 1095 3963 absolveret
1107 3874 1219 3962 horis
1232 3879 1317 3980 708
1335 3873 1356 3990 {-
1373 3930 1384 3967 ,
1400 3869 1483 3952 hoc
1507 3865 1569 3951 est
1592 3867 1718 3953 diebus
1730 3895 1773 3966 29³

424 4013 543 4098 thoris
563 4043 609 4116 ra
623 4073 634 4109 ,
647 4014 815 4096 minutis
827 4039 894 4120 45.
925 4002 1410 4120 Effetigiturin'srngulis
1430 3997 1698 4129 lunationibus
1706 4025 1774 4112 pau·

430 4125 476 4217 ld
503 4131 654 4214 tardior
675 4157 757 4213 non
774 4125 847 4212 nist
867 4132 1151 4220 unominut05
1171 4119 1237 4208 sed
1257 4121 1423 4206 demum
1445 4113 1635 4202 absolutis
1651 4113 1771 4199 duode-
1814 4212 1823 4226 α

431 4245 514 4336 cim
529 4243 807 4329 lunationibus
819 4247 1017 4354 exiguum
1032 4238 1130 4326 effer
1142 4237 1368 4328 discrimen.
1407 4235 1535 4348 Qod
1547 4235 1575 4317 sr
1588 4229 1771 4358 rotuiaehu

430 4395 493 4448 ras
510 4357 727 4446 indicantis
748 4357 896 4446 faciem
921 4362 1155 4444 interiorem
1179 4353 1223 4438 in
1251 4379 1383 4469 partes
1409 4363 1458 4436 16
1481 4349 1700 4436 distinxeris
1716 4351 1772 4444 ,δι

330 4559 334 4566 .
428 4475 658 4566 denticulos
673 4478 739 4562 ad·
751 4473 1087 4594 perpendiculum
1103 4475 1306 4568 erexeris,
1332 4471 1400 4584 qui
1422 4466 1679 4553 Curriculum
1696 4489 1773 4548 con·
1830 4539 1831 4573 ἢ

429 4615 611 4691 vertant,
629 4597 684 4676 ita
701 4621 837 4678 rumen
852 4654 862 4688 ‚
880 4621 925 4678 ut
942 4589 1167 4676 curriculus
1189 4583 1269 4672 uni
1287 4583 1547 4694 converfione
1560 4573 1771 4697 excipiatis

428 4713 515 4802 liun
540 4709 780 4828 quindecim
802 4707 1034 4796 denticulos
1059 4770 1072 4807 ,
1107 4710 1253 4824 utique
1280 4731 1361 4789 una
1383 4699 1577 4786 curriculi
1605 4691 1771 4786 convetfio

1577 4817 1771 4936 perficietur
