3800 5266
414 231 817 392 Liberqtrirrtrrs.
851 225 1071 352 CAPuT
1098 245 1233 353 V11.
1364 325 1365 332 Ν
1405 239 1510 384 llis

123 381 271 497 tendas
296 399 439 490 audias
457 461 470 499 ,
486 391 651 515 'quibus
675 425 791 511 aquae
819 395 1125 515 depressioribus
1149 409 1301 518 campis
1330 405 1509 494 insideo,

124 553 189 614 tes
217 523 526 617 exhauriuntur.
572 513 699 622 Quod
722 519 836 596 enirn
860 517 1006 604 attinet
1027 515 1078 598 ad
1096 517 1266 604 interius
1293 523 1512 608 artificium

123 667 310 728 rotarum
326 644 368 723 &
384 629 706 726 curriculorum,
727 626 973 740 simillimum
990 630 1050 714 est
1077 636 1157 733 iis,
1183 665 1273 750 quat
1298 643 1341 720 in
1361 639 1514 726 nostra·

126 756 242 844 tibus
266 751 512 838 molendinis
540 742 649 862 aqui
674 769 847 854 urgente
872 751 1407 868 oommotisreperiuntun
1438 757 1512 847 nili
1583 839 1585 843 ,

126 873 309 997 q'uodin
330 865 443 965 illis,
470 893 517 950 ut
535 889 632 980 pote
658 856 876 970 isubjeut
895 861 1064 980 planitie
1090 871 1253 952 remotis
1284 865 1432 972 (locus
1457 876 1510 960 sr-
1552 877 1556 888 '

128 989 302 1108 quidem
323 980 458 1098 amplo
472 975 699 1066 ventilabro
726 1003 978 1092 opportunus
990 978 1238 1068 tribuendus
1257 982 1338 1086 est,
1362 999 1403 1074 δι
1418 1020 1512 1108 cap·

128 1107 281 1192 candus
302 1103 474 1190 ventus)
507 1125 581 1211 per
608 1089 727 1178 scalas
755 1091 1012 1192 ascenditur,
1041 1107 1084 1183 dt
1109 1101 1154 1180 in
1183 1097 1512 1216 superiorem-10,
1595 1093 1603 1110 ⁸

128 1251 229 1308 eum
259 1215 559 1332 comportanda¹
594 1205 686 1292 lunt
720 1205 890 1320 fruges,
917 1239 1016 1326 quas
1049 1215 1294 1301 commolere
1325 1247 1512 1334 oportet,

128 1365 258 1454 atque
294 1332 424 1420 farina
453 1327 551 1412 inde
583 1323 860 1410 rmntfercnda
895 1359 906 1406 t
952 1353 1036 1441 quo
1067 1327 1205 1414 labore
1231 1331 1355 1416 levari
1382 1338 1514 1451 potest

127 1452 328 1547 molitor,
352 1449 379 1534 sr
401 1440 524 1562 operi
550 1436 721 1536 eidem,
748 1469 829 1554 qua
853 1467 999 1526 ventus
1023 1471 1142 1529 axem
1164 1447 1400 1559 primarium
1418 1433 1514 1544 t'tint
1624 1516 1632 1525 -

130 1573 230 1656 rutis
248 1561 401 1663 versat,
426 1561 560 1646 saccos
581 1560 717 1640 tritico
741 1583 812 1639 aut
828 1553 954 1640 larini
978 1556 1120 1672 plenos
1144 1561 1324 1664 attollat,
1347 1594 1419 1651 aut
1436 1572 1511 1656 de.

219 1709 284 1782 at,
298 1681 398 1768 sunt
412 1678 594 1764 dueuio
614 1678 722 1762 circa
742 1667 875 1786 ipsum
901 1678 1041 1761 Axems
1050 1677 1298 1775 convoluto,
1321 1711 1392 1766 aut
1411 1713 1515 1770 evo-x

131 1713 236 1897 itintb.
280 1797 384 1882 lllud
412 1790 653 1912 potissimum
676 1785 723 1874 in
754 1789 835 1870 hoc
856 1788 1183 1877 molendinorum
1204 1821 1355 1908 genere
1378 1795 1520 1888 arten--

131 1915 320 2004 dondum
344 1912 435 2012 est,
462 1909 574 2024 quod
598 1903 651 1989 ad
678 1899 760 2016 ipsa
791 1901 981 2002 flabella,
1014 1905 1164 2020 quibus
1190 1939 1335 1996 ventus
1356 1921 1515 2036 excipi.
1621 1949 1625 1954 ·

132 2059 231 2131 tut,
257 2028 406 2146 speiiat
433 2059 444 2120 t
474 2051 609 2138 neque
637 2026 750 2104 enim
776 2020 1120 2133 quemadmodum
1140 2028 1257 2138 juxta
1278 2057 1392 2142 aquae
1420 2063 1516 2118 cur-

134 2145 226 2236 sum
237 2173 338 2229 -totae
362 2142 527 2260 planum
544 2133 762 2248 dirigitur,
787 2137 910 2219 etiarn
926 2135 1197 2233 ventilabrum
1213 2141 1371 2230 flabella
1390 2147 1517 2237 habet

135 2268 193 2348 ita
214 2259 427 2380 disposita,
456 2252 629 2340 uttenti
653 2253 823 2338 dueum
851 2249 1069 2366 sequantur
1096 2292 1105 2337 ε
1143 2253 1210 2340 std
1235 2255 1412 2374 superior
1435 2267 1513 2352 do.

135 2375 344 2464 munculae
400 2401 490 2472 ars,
516 2400 598 2488 qua
619 2366 722 2454 Axis
744 2393 841 2450 cum
876 2363 960 2450 toti
983 2369 1235 2488 denticulati
1258 2375 1516 2482 continetur,

131 2491 267 2611 usque
284 2403 399 2580 adei
415 2490 697 2584 convertitur,
719 2509 765 2594 ut
780 2481 1052 2569 ventilabrum
1081 2485 1197 2570 flanti
1228 2518 1353 2575 vento
1372 2494 1517 2583 adverss
1574 2557 1576 2562 -

133 2607 226 2696 sum
254 2607 457 2695 statuatur.
779 2675 782 2683 .

157 2731 303 2811 esunt
327 2750 466 2810 autern
489 2717 650 2816 flabella
676 2701 785 2834 quali
818 2731 992 2830 quatuor
1010 2710 1121 2800 scalae
1148 2721 1191 2803 in
1217 2721 1391 2834 primarii
1416 2728 1515 2815 Axis

134 2846 393 2929 extremitate
419 2840 678 2952 conjunslae,
706 2832 854 2948 quibus
881 2831 1102 2917 obducitur
1131 2833 1295 2948 lingulis
1317 2837 1516 2950 lintcurn3

50 3014 58 3041 .
138 2985 185 3044 ut
218 2987 346 3064 uento
380 2949 570 3046 restibus
604 2955 676 3070 qui
706 2953 733 3034 st
761 2946 870 3063 justo
898 2947 1068 3033 validior
1092 2949 1247 3049 fuerit,
1281 2951 1393 3049 lintei
1426 2987 1516 3074 pars
1549 2977 1552 2984 ’

137 3073 382 3192 complicata
402 3069 581 3185 aliquem
611 3091 735 3160 vento
760 3071 916 3150 exitum
940 3063 1103 3180 prabet.
1146 3069 1245 3150 Non
1275 3093 1409 3153 tamen
1439 3073 1515 3161 fla.

138 3188 349 3276 bellabat
371 3193 428 3272 ita
443 3216 494 3271 ox
516 3210 632 3300 aequo
641 3180 925 3277 collocantur,
948 3207 993 3262 ut
1012 3185 1055 3261 in
1076 3209 1160 3264 uno
1178 3178 1407 3302 eode'rnq'ue
1426 3187 1516 3302 pla:

137 3335 195 3388 no
219 3303 413 3391 Verticali
439 3297 761 3395 constituantur,
789 3294 857 3382 sed
885 3293 1131 3410 singulorum
1160 3295 1411 3386 flabellorum
1432 3307 1519 3419 pla.

137 3443 243 3505 num
257 3417 421 3506 modici:
438 3417 651 3532 obliquum
676 3411 999 3498 statuiturlatere
1014 3411 1140 3495 altero
1164 3412 1202 3496 se
1221 3415 1411 3529 paulatim
1426 3423 1519 3508 suba

137 3534 364 3622 dlrcentetl
389 3561 529 3620 vento.
570 3535 631 3616 Ex
657 3559 741 3646 quo
766 3529 812 3612 fit
840 3553 1010 3612 ventum
1028 3533 1151 3610 'inter
1174 3557 1347 3642 quatuor
1367 3527 1516 3625 ‘flabel-

137 3652 272 3737 lorum
293 3650 504 3736 intervalla
529 3643 1082 3762 intercurrentemtepellere
1103 3651 1148 3726 in
1163 3643 1300 3748 lctus,
1341 3663 1382 3736 δι
1406 3657 1518 3771 quast

139 3766 283 3852 cubito
313 3795 525 3883 percutere
554 3761 636 3877 ipsa
664 3761 852 3861 flabella,
881 3787 1005 3874 atque
1033 3757 1140 3843 adeb
1170 3765 1301 3847 Artem
1334 3771 1517 3855 converti

134 3885 256 3996 juxta
280 3879 532 3968 flabellorum
555 3877 876 3963 inclinationem.
921 3879 1033 3960 Nam
1058 3875 1084 3957 st
1113 3875 1223 3962 nulla
1254 3875 1352 3966 esset
1374 3885 1517 3972 flabel-

137 3997 274 4084 lorum
295 3997 514 4114 obliquitas
534 4058 545 4097 ,
572 4007 614 4084 it
629 3995 768 4080 onmia
788 3991 898 4108 quast
923 3995 1091 4078 unicum
1109 3993 1278 4109 planum
1296 4000 1518 4106 efficerent,

137 4105 194 4200 iil·
211 4117 324 4228 quod
349 4119 450 4202 Axis
475 4109 572 4199 esset
597 4107 941 4229 perpendicularis
968 4166 979 4206 ,
1013 4111 1214 4195 incertum
1234 4107 1362 4213 essct,
1395 4107 1519 4235 quarn

133 4231 184 4318 'in
205 4258 365 4346 partem
387 4232 502 4317 fieret
515 4229 744 4314 conversio.
790 4226 922 4342 Qud
934 4227 988 4310 ad
1014 4223 1270 4311 latitudinem
1290 4241 1360 4315 aut
1382 4218 1520 4348 longi·

139 4350 329 4434 tudinem
356 4344 595 4463 'hujusmodi
619 4343 874 4430 flabellorutu
893 4340 1071 4458 oblique
1099 4344 1318 4456 positorum
1339 4358 1520 4456 attinet,

139 4485 227 4548 non
250 4463 490 4562 dubitatur,
519 4491 620 4577 qum
643 4491 786 4548 eurum
807 4458 981 4551 latitudo
1007 4459 1183 4544 maxime
1205 4463 1316 4566 juvet
1340 4496 1517 4567 motum5
1602 4535 1605 4542 -

139 4579 241 4698 quia
260 4579 413 4668 tidem
441 4577 683 4696 obliquitate
702 4575 861 4713 positi,
886 4577 1012 4686 major
1035 4577 1141 4776 aegil}
1154 4605 1251 4780 ppo
1283 4585 1451 4672 incurrit
1475 4587 1521 4677 in

180 4717 252 4766 ..23st
267 4749 270 4754 ·
