3918 5262
514 215 671 335 Liber
673 220 880 377 primus.
912 195 1217 338 C'llr‘uT'Vq
1454 185 1555 361 '²¹7

615 562 981 678 CAPUT
1062 563 1130 676 VL

259 785 392 949 Qu*
425 795 618 902 ratione
669 822 891 903 centrum
917 795 1197 942 gravitatis
1232 816 1474 944 corporum

604 1079 606 1084 ¹
713 987 1022 1063 invematur.

174 1190 368 1410 OPut
399 1182 689 1271 mechanicum
720 1188 947 1305 plerunque
975 1189 1058 1274 non
1086 1187 1244 1300 indiget
1275 1190 1429 1300 puncio
1460 1187 1557 1290 illo,

290 1297 402 1420 quod
427 1302 531 1382 intra
557 1331 773 1416 corporum
787 1302 1032 1390 soliditatem
1045 1301 1167 1398 latet,
1186 1331 1234 1385 ac
1258 1330 1445 1388 centrum
1459 1332 1553 1420 gra.

178 1423 312 1506 vitatis
326 1413 614 1512 definivimus5
634 1415 700 1503 sed
717 1417 806 1503 satis
821 1419 882 1504 est
902 1419 929 1500 sr
949 1423 992 1500 in
1014 1416 1165 1502 extimi
1183 1421 1359 1530 corporis
1382 1417 1553 1536 superii*

178 1540 242 1620 cie
272 1527 496 1617 innotescat
524 1537 754 1645 punctum,
775 1561 845 1619 aut
871 1533 979 1618 linea
1010 1536 1227 1618 imminens
1250 1533 1321 1648 ipsi
1348 1537 1555 1645 gravitatis

176 1677 350 1746 centro,
369 1675 441 1761 pro
460 1651 613 1730 tutione
638 1647 759 1748 sitris,
776 1654 918 1764 inquo
944 1677 1089 1762 corpus
1106 1675 1228 1760 grave
1247 1648 1461 1735 consistere
1478 1681 1554 1736 cu-

178 1770 325 1880 pimus.
356 1761 454 1846 ldeo
469 1769 762 1871 geometricum
781 1763 961 1849 laborent
976 1763 1212 1848 inveniendi
1232 1766 1430 1876 punitum
1453 1763 1556 1852 illud

178 1883 375 1965 intimum
388 1876 703 1990 Centrobarycae
722 1879 968 1995 relinquens,
986 1879 1225 1980 mechanica
1241 1877 1398 1964 tanturn
1414 1883 1553 1992 inqui-

177 1994 356 2090 fitione‚
384 1992 556 2106 &quali
584 2021 767 2093 tentans,
791 1991 1019 2119 pervestigo
1036 1995 1233 2108 puncium
1257 1991 1387 2091 illud,
1409 2023 1479 2077 aut
1501 1993 1554 2080 li-

174 2137 300 2200 neam
315 2111 360 2189 in
374 2103 552 2220 corporis
566 2103 805 2220 superficie,
826 2113 893 2194 cui
905 2103 1305 2222 relpondet‘planum
1321 2136 1392 2222 per
1405 2107 1557 2204 lineam

175 2224 413 2307 directionis
442 2223 642 2322 dulium,
668 2222 862 2310 &secans
884 2251 1029 2337 corpur
1046 2227 1091 2305 in
1110 2250 1221 2307 certo
1252 2221 1328 2306 srtu
1355 2222 1554 2308 constitu-

175 2364 281 2424 tum.
327 2339 380 2418 Et
396 2337 563 2450 quidem
581 2339 609 2420 sr
630 2367 774 2454 corpus
790 2337 1029 2454 sphaericum
1043 2339 1165 2422 fuerit
1178 2367 1229 2422 ex
1248 2336 1431 2452 partibus
1447 2335 1556 2454 ejus-

178 2455 274 2539 dem
290 2477 444 2536 naturae
469 2451 720 2553 conflatum,
737 2482 808 2538 aut
825 2453 961 2538 saltem
989 2483 1039 2536 ex
1067 2449 1246 2566 partibus
1271 2453 1556 2565 heterogeneis

180 2569 378 2683 qudem,
395 2564 464 2650 sed
480 2572 587 2662 eirea
603 2566 760 2684 sphaerae
786 2598 974 2653 centrum
990 2567 1166 2650 fimiliter
1182 2563 1376 2682 dispofitis
1399 2573 1481 2666 ita,
1511 2598 1557 2653 ut

177 2687 324 2766 intima
352 2679 547 2794 sphaerula
572 2682 761 2768 folliculis
779 2682 1021 2800 quibusdam
1049 2675 1315 2775 obvolvantur
1335 2686 1567 2798 quiaidcm'

180 2797 239 2882 est
254 2795 372 2916 moli)
388 2825 510 2910 atquc
527 2801 733 2910 gravitatis
757 2813 969 2896 centrum,
985 2799 1495 2916 punctum-quodcumque
1512 2831 1557 2883 ru
1696 2839 1698 2844 ⁴

146 3011 153 3020 ι
179 2908 374 3026 sphaerica
393 2908 603 3027 superficie
621 2907 871 3012 all‘umatur,
895 2940 1035 3028 aptum
1062 2916 1139 2995 erit
1161 2945 1173 3004 ς
1200 2913 1354 3026 fingula
1366 2919 1481 2997 enim
1504 2915 1554 3002 st

179 3027 320 3112 uulem
334 3024 489 3112 habent
502 3027 753 3144 pontionem.
785 3034 855 3113 Sin
871 3055 1006 3112 autem
1029 3054 1100 3109 aut
1115 3024 1274 3140 sphaerae
1289 3023 1555 3139 segmentum,

182 3171 256 3226 aut
270 3139 421 3258 sphaera
437 3172 487 3226 ex
504 3144 683 3257 partibus
697 3146 979 3256 heterogeneis
992 3140 1246 3256 inaequaliter
1263 3142 1457 3260 dilposrtis
1471 3145 1555 3229 fue-

182 3263 231 3340 rit
242 3262 490 3370 timponatur
501 3257 622 3373 plano
632 3260 874 3344 horizontali
885 3255 1073 3342 accurate
1091 3257 1413 3373 levi,&1na3rime
1425 3287 1557 3374 atqua-

179 3371 254 3457 bili
269 3405 281 3466 ⁵
306 3384 351 3458 δι
365 3374 476 3487 quod
489 3377 686 3488 punctum
702 3403 893 3488 tangetur
908 3371 931 3456 ὲ
945 3369 1144 3487 supposrto
1160 3373 1281 3486 plano
1299 3433 1310 3470 ,
1336 3365 1405 3458 ubi
1422 3402 1556 3459 motus

177 3493 314 3573 omnis
342 3481 549 3578 cellaverit
570 3551 581 3587 ,
606 3489 707 3574 illud
732 3492 791 3574 est
816 3552 827 3588 ‚
860 3489 971 3604 quod
993 3487 1236 3602 *potiffirniun
1254 3493 1483 3602 queritur,
1507 3521 1555 3574 ac
1594 3488 1597 3496 ’

178 3591 380 3716 punctum
393 3601 570 3719 superius
584 3667 596 3704 ‚
611 3605 724 3722 quod
738 3605 838 3690 huic
853 3603 878 3690 ὲ
894 3611 1060 3715 regione
1072 3601 1146 3700 est,
1165 3607 1240 3686 erit
1254 3607 1402 3716 pariter
1415 3625 1556 3720 aptum

179 3720 230 3804 ad
245 3717 493 3832 propolitum
511 3721 647 3805 finem.

219 3834 353 3949 Qod
364 3833 391 3916 st
403 3833 673 3946 cylindricum
687 3833 1001 3926 fueritoblatum
1015 3861 1174 3948 corpus,
1184 3863 1255 3919 aut
1267 3829 1408 3950 prisma
1424 3835 1553 3948 quod-

174 3978 347 4063 cunque
362 3953 580 4050 continuo,
594 3963 636 4038 ὃ(
652 3950 907 4036 finili-ductu
919 3951 1181 4064 produciurm
1201 3948 1356 4036 secetur
1370 3949 1553 4035 bifariam

178 4063 423 4176 longitudo,
453 4075 496 4150 &
525 4072 722 4181 punilum
745 4065 964 4152 habebitur
983 4063 1153 4177 cylindri
1185 4093 1324 4150 centro
1347 4069 1553 4174 gravitatis

181 4177 425 4292 respondens
439 4215 448 4262 :
462 4181 804 4296 priimatisautcrn
819 4181 972 4294 srngula
992 4179 1110 4294 plana
1129 4178 1498 4294 parallelogramma
1524 4179 1552 4265 st

179 4294 417 4380 dividantur
428 4299 473 4379 in
494 4327 626 4412 aequas
644 4299 1043 4408 tumlongitudinis,
1065 4323 1151 4378 turn
1170 4295 1393 4382 latitudinis
1408 4321 1553 4408 partes,

177 4409 349 4524 planum
376 4437 450 4524 per
470 4415 641 4498 inventa
675 4419 831 4528 puncta.
854 4414 1023 4496 dueum
1053 4411 1235 4524 tranfibit
1265 4441 1338 4526 per
1368 4431 1570 4496 centrum

176 4527 385 4634 gravitatis
399 4523 630 4638 prifinatis,
659 4532 815 4616 dividet
829 4533 939 4612 enirn
959 4535 1003 4612 in
1029 4557 1159 4640 partes
1174 4526 1367 4640 aequaleS,
1389 4525 1553 4618 &urni-

171 4637 269 4724 liter
289 4639 459 4756 pofitas',
482 4643 594 4728 unde
623 4650 751 4732 oritur
774 4667 1074 4735 momentorum
1099 4645 1306 4756 gravitatis
1335 4638 1553 4758 equalitas.

1146 4761 1191 4845 D
1256 4793 1277 4842 ι
