3918 5262
521 191 677 311 Liber
683 197 888 352 prims.
922 199 1140 312 CAP'uT
1164 198 1294 307 XII.
1491 235 1568 341 73

174 353 279 443 Ἰιίἓις
291 349 350 438 est
363 349 558 456 exlihrd,
579 363 695 472 cujus
706 355 801 444 lanx
811 357 935 462 altera
947 354 1124 473 subjecto
1135 354 1258 470 plano
1278 353 1577 458 incumbend-

206 494 285 554 tera
300 474 452 556 inaere
464 471 591 558 libera
599 474 777 585 pendeat
790 473 849 568 ;·s1
862 477 972 557 enim
986 501 1158 585 utraque
1169 469 1264 556 lanx
1282 471 1400 584 plena
1416 473 1578 588 aequali·
1636 545 1639 550 .

203 585 275 670 bus
287 585 541 698 ponderibus
553 587 794 672 confistatin
810 586 1102 704 aequilibrio&
1118 585 1373 671 incumbenti
1384 586 1492 672 lanei
1506 590 1578 674 ad-

200 701 320 786 datur
351 701 544 814 ponderis
560 731 674 818 pars,
691 733 780 818 quat
796 699 820 786 ὲ
834 702 1012 819 penduli
1032 701 1148 786 lance
1168 701 1426 800 detrahatur,
1441 703 1578 787 lantes

204 845 286 898 non
305 843 549 914 moventur,
568 848 645 902 nec
659 823 766 902 inter
786 812 986 904 kmutud
1000 815 1232 930 confligunt
1245 819 1475 931 ponderum
1487 847 1578 929 gra-

205 935 372 1027 vitates,
389 930 463 1012 nisr
479 931 787 1046 quatenhslanx
795 937 956 1045 gravior
965 928 1117 1047 semper
1132 937 1259 1041 magis
1272 932 1578 1032 r'esrstitleviori,

201 1073 253 1128 ne
267 1044 320 1128 ab
332 1045 402 1130 illd
416 1045 619 1131 elevetur:
633 1047 825 1134 caeteritm
834 1051 995 1160 gravior
1011 1047 1105 1131 lanx
1123 1075 1206 1128 non
1219 1075 1358 1131 movet
1370 1045 1578 1145 leviorem,

202 1157 273 1242 nist
300 1159 374 1244 ubi
399 1160 566 1246 demum
585 1189 699 1246 tanto
721 1163 901 1278 pondere
923 1188 1168 1278 praegravata
1180 1159 1329 1259 suerit,
1352 1159 1579 1276 utsubjedti

204 1271 313 1388 plani
330 1273 590 1373 resistentiam
605 1283 773 1362 vincens
789 1277 889 1362 illud
906 1305 976 1362 aut
993 1277 1151 1386 frangat
1168 1335 1179 1372 ‚
1195 1304 1266 1359 aut
1285 1272 1421 1360 saltem
1440 1279 1578 1393 depri-

203 1415 297 1472 mat.
336 1393 403 1474 Sic
421 1389 748 1508 hemispherium
765 1393 877 1478 IAL
893 1390 1020 1476 habet
1038 1395 1236 1474 rationem
1253 1391 1378 1474 lancis
1391 1421 1476 1476 non
1491 1420 1582 1477 tan·

206 1503 291 1588 tiam
313 1499 493 1618 subjedo
509 1507 632 1621 plano
646 1506 948 1605 incumbentis,
971 1505 1035 1592 sed
1050 1567 1062 1604 ,
1076 1508 1188 1621 quod
1200 1511 1337 1620 potius
1348 1505 1432 1600 est,
1449 1505 1518 1591 suo
1533 1511 1578 1593 in

203 1615 293 1700 loco
310 1618 577 1733 quiescentis3
593 1625 658 1705 cui
673 1617 759 1736 qui)
781 1621 871 1736 plus
892 1623 1093 1707 addideris
1105 1623 1320 1734 ponderis,
1340 1649 1464 1732 auges
1486 1627 1579 1736 qui·

200 1733 296 1816 dem
310 1733 573 1820 resistentiam
588 1767 641 1820 ne
657 1734 811 1822 sursdm
826 1736 963 1824 versits
979 1739 1024 1820 H
1046 1733 1315 1850 propellatur,
1330 1737 1459 1850 ipsum
1474 1734 1576 1822 verd

201 1876 286 1930 non
309 1877 482 1934 conatur
503 1848 691 1938 deorsum
705 1851 839 1938 versits
864 1855 927 1946 cr
944 1849 1011 1936 sod
1024 1879 1133 1934 totus
1148 1869 1315 1936 conatus
1329 1851 1514 1964 impofito
1534 1861 1577 1938 tt
1654 1939 1658 1944 ,

198 1963 362 2076 adjeclo
382 1975 513 2048 monti
526 1965 764 2053 tribuendus
781 1963 903 2065 esset,
923 1965 989 2052 vel
1008 1971 1082 2063 (ut
1101 1964 1173 2048 srrn
1187 1964 1363 2050 maxime
1377 1964 1575 2062 liberalis)

199 2085 325 2164 etiam
347 2073 523 2164 excelsui
545 2081 627 2181 illi,
649 2113 733 2198 quo
746 2081 1074 2197 hemisphaerium
1091 2079 1202 2163 [AL
1216 2077 1374 2194 superat
1390 2078 1577 2194 segmen·

43 2289 46 2299 1
199 2220 290 2278 tum
315 2189 553 2310 sphaericum
573 2201 647 2280 ID
658 2201 689 2280 E
702 2199 760 2295 L,
781 2204 853 2312 qui
879 2191 1059 2282 excelstrs
1077 2192 1137 2278 est
1154 2195 1316 2310 aequalis
1339 2199 1350 2276 i
1353 2196 1410 2310 psr
1433 2197 1577 2295 monti,

67 2307 70 2313 ’
200 2309 284 2393 hoc
304 2308 366 2392 est
395 2305 602 2421 segmento
624 2315 667 2396 D
681 2315 712 2394 E
724 2319 768 2396 Β.
815 2318 954 2430 Qrare
976 2313 1003 2395 st
1022 2311 1144 2396 fuerit
1159 2305 1324 2394 abscissa
1345 2314 1462 2392 tertia
1488 2339 1578 2424 pars

199 2421 474 2539 hemisphaerij
494 2419 633 2523 unius,
652 2439 694 2514 δι
706 2425 998 2512 addaturalteri
1012 2420 1292 2540 hemispherio
1305 2423 1328 2510 ὲ
1340 2429 1507 2538 regione
1520 2422 1577 2508 se-

199 2539 386 2624 cunditm
403 2542 669 2642 diametrum,
692 2547 792 2626 t'unc
812 2545 863 2628 ad
878 2541 1077 2626 summum
1096 2539 1259 2653 equalis
1272 2543 1350 2622 erit
1362 2567 1451 2654 pars
1465 2565 1578 2624 terra

196 2652 388 2754 deorsum
399 2667 533 2742 nitens
545 2664 574 2744 F
587 2659 636 2740 M
648 2661 687 2742 G
699 2661 746 2740 H
758 2659 860 2769 parti
872 2656 1060 2772 oppofitae
1078 2658 1319 2770 repugnanti
1334 2657 1406 2738 ID
1418 2659 1449 2740 E
1462 2656 1494 2736 L
1507 2689 1519 2748 5
1534 2663 1578 2742 et

199 2768 344 2854 livelis
368 2777 568 2884 partemf
583 2773 631 2856 M
647 2775 747 2858 GH
769 2779 1024 2856 remotiorem
1041 2765 1217 2854 dcentro
1233 2774 1359 2881 magis
1378 2771 1577 2882 gravitate
1611 2771 1612 2774 ‘
1655 2839 1657 2844 .
1733 2784 1742 2798 ‘

195 2887 279 2984 ita,
295 2912 342 2968 ut
361 2891 462 2969 ratio
475 2888 597 3002 hujus
610 2884 794 2973 excesslts
807 2893 850 2970 in
870 2887 1109 2999 gravitando
1121 2884 1234 2998 possit
1246 2881 1579 2970 vincerenon-so·

201 2997 288 3084 lhm
303 2999 568 3086 resistentiam
579 2998 773 3114 segmenti
793 3003 908 3086 IDE
923 3005 979 3099 L,
997 3031 1049 3084 ne
1063 2997 1210 3084 surlum
1227 2995 1494 3114 propellatur,
1510 2995 1577 3085 sed

197 3121 325 3199 etiarn
341 3112 606 3228 segmentiFI
620 3119 652 3200 L
664 3121 730 3216 G,
747 3145 799 3200 ne
816 3115 1040 3202 secundum
1053 3141 1183 3232 partes
1198 3117 1261 3197 IL
1277 3138 1418 3198 centro
1436 3119 1579 3227 proxi·
1664 3161 1665 3164 κ

199 3260 285 3314 mas
300 3229 424 3316 abeo
446 3261 728 3326 removeatur5
747 3261 830 3314 non
849 3231 1068 3316 admodum
1084 3225 1335 3341 repugnabo.
1387 3232 1465 3314 Sed
1481 3239 1576 3314 cunr
1636 3283 1639 3286 -

201 3375 416 3460 nunquam
428 3346 658 3446 millesima,
678 3347 849 3432 nedum
871 3343 1000 3443 sexta,
1013 3371 1102 3458 pars
1122 3348 1269 3426 terreni
1296 3339 1408 3454 globi
1431 3376 1481 3429 ex
1496 3343 1576 3428 alio

199 3465 246 3544 in
256 3459 385 3546 aliurn
403 3459 542 3548 locum
552 3493 604 3547 ex
615 3463 811 3548 diametro
830 3461 1058 3576 oppositum
1070 3457 1353 3554 transferatur,
1375 3459 1484 3545 nulla
1498 3489 1577 3544 un·

199 3605 322 3692 quam
335 3576 384 3660 fit
395 3583 584 3688 gravium
600 3581 868 3692 permutatio,
890 3581 930 3660 vi
943 3579 1057 3688 cujus
1075 3571 1197 3658 tellus
1205 3574 1388 3688 trepidet.

259 3692 341 3778 Sed
360 3721 489 3778 unum
510 3693 647 3778 adhue
669 3688 846 3808 superest
866 3751 877 3788 ‚
896 3695 1009 3805 quod
1032 3701 1116 3804 per
1130 3687 1455 3772 dissimulantium·
1470 3713 1572 3800 prat·

199 3807 447 3896 teteundum
462 3837 546 3893 non
559 3809 732 3896 videtur.
762 3807 857 3890 Esto
877 3809 1038 3920 inquis,
1059 3801 1169 3887 nulla
1187 3807 1257 3888 fiat
1269 3809 1314 3886 in
1325 3802 1468 3886 tellure
1479 3827 1573 3910 gra-

198 3927 313 4008 vium
326 3922 554 4023 transsatio,
572 3953 660 4038 quae
675 3923 869 4016 ramalia,
888 3949 933 4003 nt
948 3949 1100 4006 novum
1113 3921 1571 4031 gravitatiscentrumin

199 4037 376 4124 universi
392 4066 534 4122 centro
559 4034 947 4122 constituere-valeat
961 4067 1037 4132 ,ac
1058 4036 1228 4152 proinde
1246 4033 1355 4116 nulla
1379 4030 1425 4114 stt
1441 4035 1586 4116 centri·

199 4183 314 4268 terrae
352 4156 567 4266 trepidatio
594 4189 603 4236 ε
631 4157 739 4238 circa
762 4180 948 4238 centrum
971 4149 1107 4236 saltem
1125 4148 1285 4235 nutabit
1311 4147 1429 4230 tellus
1457 4173 1574 4230 rnotu

198 4267 498 4366 eonversronis‚
515 4269 648 4356 valida
668 4295 881 4354 ventorum
901 4273 942 4351 vi
959 4265 1130 4352 summos
1152 4293 1312 4348 montes
1324 4258 1571 4376 impellente,

198 4382 423 4499 orbemque
444 4411 599 4484 totum,
617 4381 815 4499 pto-varii
836 4381 1010 4500 ipsorum
1028 4381 1282 4476 incursione,
1301 4371 1427 4463 modd
1449 4378 1571 4476 hanc,

199 4495 324 4586 modd
345 4499 456 4584 illam
468 4527 623 4618 partem
640 4496 847 4582 versante:
867 4493 1284 4612 undejsortalseortam
1298 4491 1376 4577 acia
1405 4520 1572 4607 magne·

202 4621 287 4705 tica:
305 4617 455 4704 eodem
475 4622 521 4716 ¹in
542 4614 636 4704 loco
660 4612 749 4730 post
769 4613 926 4733 aliquot
949 4619 1078 4699 annos
1097 4613 1365 4700 variationem
1384 4605 1574 4724 suspicari

1191 4727 1231 4817 K
