3794 5266
401 247 515 384 482
713 271 717 278 ·
872 223 1297 340 Machanicorum
1449 259 1464 346 3

390 435 473 523 qua
495 397 708 516 tyronibus
732 391 1089 516 praeferaurruviam
1111 375 1506 518 commonstrando,
1534 375 1760 496 qnafirniiet

390 518 483 610 usus
505 517 649 636 polline
669 543 744 631 pro
760 533 1064 642 opportunitate
1086 523 1330 646 excoguere.
1665 523 1670 531 ·

762 733 1287 887 Pnorosirro
1369 709 1406 821 1.

448 1065 452 1072 .
579 977 740 1116 Duplex
766 981 891 1072 Verris
908 1005 1037 1108 genus
1060 975 1104 1066 in
1127 1004 1203 1062 uno
1225 966 1331 1058 reue
1356 964 1599 1106 conjungere.

466 1219 676 1336 AEpissime
693 1213 897 1326 contingit
917 1215 1042 1296 unico
1057 1207 1225 1324 quidem
1253 1203 1368 1290 velie
1383 1227 1457 1282 nos
1474 1201 1533 1284 nti
1549 1197 1624 1298 ,re
1639 1220 1763 1280 tamen

468 1367 563 1422 vera
578 1333 786 1449 duplicem
808 1327 887 1416 else
911 1331 1095 1418 vectem,
1115 1317 1460 1438 quemadmodum
1485 1315 1582 1402 ciam
1597 1318 1766 1441 ingentis

296 1527 300 1534 .
394 1454 563 1564 alicujus
587 1449 666 1550 saxi
679 1447 924 1534 extremitati
938 1449 1095 1529 vetum
1108 1437 1466 1548 subjicimus,quo
1480 1458 1764 1558 extremrtatem

394 1570 505 1665 illam
520 1560 753 1656 attollimur.
796 1568 855 1650 Sit
874 1559 988 1649 enirn
1002 1557 1138 1644 saxum
1153 1617 1165 1656 ‚
1178 1553 1295 1665 cujus
1311 1577 1498 1662 centrum
1513 1553 1766 1661 {iffi-Vltimi&

711 1698 715 1704 ·
895 1711 899 1720 ·
1204 1661 1679 1778 &subjestovedeAB
1702 1669 1765 1754 ha·

1204 1783 1330 1879 bente
1366 1779 1706 1896 hypomochlium
1729 1784 1765 1864 iu

1206 1900 1243 1984 C
1260 1895 1464 1984 attollatur
1478 1903 1709 1982 extremitas
1729 1903 1764 1996 F,

1116 2083 1124 2100 ,
1205 2042 1397 2099 manente
1433 2013 1691 2098 extremitate
1718 2015 1764 2096 E:

1208 2135 1350 2244 utique
1364 2133 1489 2218 veliis
1506 2134 1627 2246 primi
1649 2158 1765 2244 gene-

1208 2251 1261 2332 tis
1277 2244 1335 2331 est
1352 2249 1461 2340 AB,
1482 2242 1547 2335 sed
1565 2249 1593 2330 fi
1613 2277 1699 2332 rem
1714 2271 1765 2328 at·

1209 2361 1359 2450 tentiits
1376 2364 1685 2477 perpendamus,
1699 2367 1768 2448 etii

1074 2585 1077 2593 1
1208 2478 1424 2594 longitudo
1440 2485 1469 2573 F
1483 2482 1539 2576 E,
1557 2509 1628 2564 aut
1647 2478 1768 2594 potiiu

1015 2653 1040 2680 a
1139 2611 1144 2620 '
1207 2599 1284 2680 ΒΕ
1304 2599 1428 2680 vestis
1444 2593 1503 2680 est
1517 2589 1684 2681 secundi
1701 2625 1765 2710 ge-

245 2715 252 2726 ’
384 2715 504 2808 neris
532 2709 692 2816 habens
716 2709 949 2821 impositum
976 2711 1136 2825 pondus
1165 2714 1219 2812 S,
1248 2722 1289 2798 δι
1325 2709 1502 2798 fulcrum
1519 2717 1572 2806 in
1601 2715 1633 2796 E
1665 2747 1679 2806 ς
1709 2741 1766 2796 at-

289 2919 290 2923 ,
396 2857 479 2946 que
503 2823 590 2944 qud
611 2828 739 2941 magis
765 2825 879 2944 supra
912 2824 1170 2916 horizontem
1195 2826 1405 2938 elevatur,
1435 2825 1547 2912 linea.
1567 2831 1768 2916 Ditestio-

338 3023 341 3030 .
397 2945 460 3031 nis
492 2947 574 3051 SD
598 2949 726 3055 tnagis
751 2945 911 3030 accedit
937 2941 1074 3044 versus
1094 2945 1158 3040 E,
1186 2973 1237 3028 ex
1257 2974 1340 3058 quo
1357 2948 1691 3046 oriturmovendi
1715 2943 1768 3028 fa·

303 3076 306 3083 '
398 3062 527 3148 cilitas
542 3095 555 3155 ς
571 3088 694 3175 quam
713 3059 825 3165 jtrvar
839 3059 1036 3145 Potentiae
1053 3062 1091 3144 A
1106 3059 1299 3174 depreffio
1316 3119 1332 3158 ,
1350 3089 1402 3144 ex
1420 3089 1500 3174 qua
1521 3059 1569 3141 fit
1585 3088 1632 3142 ut
1650 3067 1767 3147 Bina-

399 3183 460 3292 gis
484 3177 683 3260 accedens
698 3175 750 3260 ad
771 3183 831 3272 F,
860 3181 989 3291 magis
1014 3179 1136 3258 etiam
1158 3177 1321 3260 recedat
1332 3173 1388 3259 'ab
1413 3175 1707 3291 hypomochlio
1727 3179 1769 3258 E.

398 3290 667 3378 Manifestum
693 3289 752 3375 est
771 3319 909 3378 autem
926 3290 1108 3406 pondere
1120 3291 1341 3376 accedente
1356 3289 1407 3376 ad
1427 3291 1773 3405 hypomochlion,

401 3420 444 3498 &
463 3401 643 3524 potentii
660 3407 873 3493 abeodem
889 3407 1107 3492 recedente
1121 3469 1132 3505 ,
1146 3409 1339 3521 majorem
1360 3406 1443 3490 fieri
1460 3410 1679 3494 Rationem
1692 3441 1771 3494 mo

343 3552 347 3559 ·
394 3520 463 3610 tias
476 3525 672 3608 Potentia
686 3523 737 3606 ad
752 3551 910 3608 motum
925 3522 1145 3622 Ponderis,
1161 3550 1286 3636 atque
1303 3517 1409 3606 adei)
1430 3529 1569 3632 augeri
1586 3527 1771 3609 movendi

399 3639 649 3728 facilitatem.
685 3643 825 3748 Quare
850 3667 1058 3750 momenta
1070 3637 1375 3754 potentiaeinA
1400 3635 1630 3724 sustinentis
1646 3641 1772 3725 satxum

400 3787 450 3844 ea
469 3751 561 3841 sunt
575 3815 587 3852 ,
599 3785 689 3869 quae
707 3783 1012 3872 componuntur
1024 3783 1075 3838 ex
1090 3757 1267 3842 Ratione
1287 3758 1372 3841 AC
1387 3756 1438 3840 ad
1455 3759 1559 3853 CB,
1578 3767 1621 3842 δι
1641 3761 1772 3854 Ratio

400 3901 455 3957 ne
470 3873 543 3955 BE
562 3870 613 3955 ad
628 3873 658 3952 E
671 3873 702 3953 Ι.
734 3873 813 3956 Sed
826 3874 878 3956 de
894 3873 976 3956 hoc
993 3869 1127 3956 nullus
1143 3873 1247 3958 mihi
1259 3871 1331 3959 hic
1348 3869 1474 3957 sermo
1485 3907 1497 3967 3
1510 3877 1608 3986 quia
1622 3871 1684 3956 vei
1697 3876 1777 3960 duo

401 3991 535 4072 uelles
556 3983 678 4084 lunt,
707 4013 754 4069 ut
785 3987 1034 4102 explicatum
1055 3985 1115 4072 est
1141 4049 1156 4086 ,
1181 3987 1283 4075 alter
1304 3990 1472 4103 quidem
1496 3991 1551 4076 ab
1575 3987 1660 4104 ipso
1677 4003 1776 4103 pon-

275 4125 281 4196 ·,
399 4103 498 4189 dere
516 4131 602 4189 non
623 4097 824 4216 sejunctus
844 4107 940 4202 FE,
971 4103 1072 4188 aiter
1092 4099 1193 4190 verti
1209 4103 1261 4190 ab
1279 4136 1332 4189 eo
1350 4103 1560 4190 distinc‘ius
1583 4112 1622 4192 A
1638 4116 1694 4200 135
1713 4112 1776 4194 vei

401 4217 605 4304 liutricus
636 4218 888 4329 intelligatur
918 4221 1043 4304 veuis
1075 4281 1090 4318 ,
1126 4221 1199 4334 qui
1230 4221 1401 4335 ponderi
1430 4221 1681 4336 applicatur,
1709 4227 1778 4310 bic

402 4333 498 4421 sane
529 4333 581 4418 ad
604 4363 734 4420 unum
761 4339 939 4450 pertinet
967 4363 1101 4448 genus
1127 4367 1213 4424 uon
1236 4339 1288 4424 ad
1311 4339 1427 4436 duo,
1453 4365 1499 4420 ut
1525 4339 1616 4426 haec
1637 4371 1778 4458 propo-

403 4449 497 4536 iitio
513 4451 658 4559 exigit.
871 4527 877 4530 .
1765 4512 1772 4527 .

293 4675 294 4678 Ν
346 4605 350 4616 ·
461 4569 522 4650 Sit
537 4563 663 4677 igitur
678 4563 762 4650 dati
779 4569 904 4650 veliis
927 4566 1144 4682 longitudo
1165 4573 1281 4668 CD,
1305 4574 1349 4652 in
1364 4569 1478 4675 cuius
1494 4571 1633 4658 medio
1649 4574 1775 4690 hypo-

368 4679 632 4784 „nochlium
656 4684 700 4768 0
718 4680 903 4773 bifariam
918 4685 1126 4804 aequaliter
1150 4685 1308 4814 dividat
1324 4713 1449 4774 totam
1464 4685 1775 4804 longitudinem,
