3918 5262
286 229 293 246 '
379 209 456 340 84
752 233 755 255 ·
841 186 1268 327 Μεσῆαηιεονιιω

380 369 633 461 innitantur,
651 361 810 478 quoties
838 353 1043 472 quiescere
1062 352 1291 450 voluerint,
1309 341 1416 436 linei
1438 353 1759 452 directiorem:

378 481 505 572 deute
531 475 639 566 inari
666 475 838 594 spatium
857 471 1103 584 triangulare
1127 467 1508 583 comprehensumi
1534 470 1695 582 grallis,
1715 481 1757 558 δι

382 595 541 680 baculo.
1464 645 1470 656 ·

441 708 528 794 Hic
545 739 682 794 autem
697 703 874 792 maxime
893 703 930 790 le
945 705 1080 820 prodit
1097 729 1245 786 naturae
1264 697 1518 814 providentia
1532 707 1574 782 in
1592 729 1674 784 tam
1691 713 1760 787 va·

383 825 445 914 rii
461 827 614 939 pedum
633 825 956 909 conformatione
971 884 982 918 ,
1000 849 1045 904 ut
1061 820 1114 904 ad
1131 815 1436 900 sustentandum
1456 817 1593 902 idonei
1611 812 1757 902 client:

384 939 715 1058 quadrupedibus
734 940 931 1053 liquidem
948 966 1032 1020 non
1049 928 1159 1029 adab,
1170 931 1322 1043 amplos
1339 933 1462 1044 pedes
1478 931 1642 1030 tribuit,
1665 936 1762 1046 quia

381 1087 435 1140 ex
453 1051 765 1142 eoruminterse
778 1051 967 1140 distantial
989 1051 1207 1166 plurimum
1221 1049 1390 1159 lpatimn
1402 1051 1678 1160 intercipitur,
1693 1048 1760 1131 cui

383 1173 594 1256 immineat
624 1197 810 1253 centrum
832 1171 1038 1278 gravitatis
1061 1203 1070 1247 ι
1096 1163 1136 1250 bi
1166 1163 1310 1247 edibus
1329 1157 1427 1247 verb
1446 1161 1605 1256 latiores
1620 1162 1762 1246 tribuit

382 1288 526 1400 pedes,
543 1285 623 1401 qui
640 1311 752 1400 parte
767 1287 898 1368 timeri
920 1286 1054 1398 potuit
1071 1192 1181 1364 cadis
1196 1315 1204 1359 t
1220 1278 1273 1360 fic
1292 1281 1388 1388 quia
1406 1307 1456 1362 ex
1481 1281 1653 1365 duorum
1671 1307 1762 1362 cru·

383 1431 474 1486 rum
499 1401 667 1486 modica.
680 1400 971 1484 divaricatione
990 1427 1074 1492 non
1095 1391 1217 1480 facile
1235 1391 1568 1506 periculumerat
1587 1391 1759 1483 cadendi

384 1521 427 1598 in
442 1515 682 1600 alterutrum
695 1514 799 1598 latus
814 1576 825 1612 ,
843 1509 939 1600 ideb
956 1514 1146 1604 humanis
1164 1508 1335 1623 pedibus
1350 1513 1550 1592 minorem
1569 1509 1683 1594 dedit
1699 1508 1760 1592 la-

384 1633 634 1731 titudinem,
664 1627 789 1748 quirn
815 1627 1116 1740 longitudinem
1140 1659 1152 1720 5
1181 1626 1288 1706 hanc
1313 1618 1413 1708 verb
1446 1655 1535 1710 nonw
1556 1629 1600 1706 iu
1630 1653 1762 1738 aequas
1803 1644 1836 1678 ·’

278 1747 282 1762 ’
385 1745 592 1832 distribuit
606 1773 759 1861 partes,
778 1740 842 1830 sed
871 1747 1081 1833 minimam
1097 1738 1198 1826 calci
1222 1745 1513 1852 (praeterquam
1529 1744 1577 1829 in·
1592 1743 1763 1838 Stauris,

388 1893 489 1976 quos
507 1869 638 1974 pravis
661 1860 783 1946 fultos
813 1855 918 1948 male
942 1859 1031 1942 talis
1059 1853 1233 1971 appellat
1261 1857 1486 1953 Horatius,
1504 1855 1591 1938 talis
1614 1852 1765 1938 scilicet

371 1973 682 2060 'extantioribus
700 1980 711 2070 )
731 1980 948 2060 maximam
969 1974 1159 2058 anteriori
1180 1975 1283 2084 parti
1307 1973 1516 2070 toneeffit,
1535 2001 1588 2054 ne
1608 1975 1766 2086 impetu

389 2120 463 2204 per
478 2111 637 2174 motum
651 2089 1098 2204 conceptotraossatum
1112 2113 1298 2168 centrum
1317 2087 1764 2197 gravitatisinanterio·

386 2235 430 2288 ra
442 2204 655 2294 transrliret
671 2205 796 2290 basim
813 2201 1121 2289 sustentationis.
1148 2200 1342 2314 Aliquam
1360 2226 1496 2296 tamen
1514 2201 1764 2288 mediocrem

308 2339 311 2346 '
385 2319 644 2404 latitudinem
662 2321 832 2439 pedibus
846 2319 1056 2416 conceffit,
1072 2344 1119 2402 ut
1133 2310 1257 2430 pollet
1270 2316 1409 2414 home,
1429 2315 1460 2409 st¹
1473 2345 1532 2401 res
1543 2317 1678 2416 ferret,
1691 2323 1762 2400 uni

385 2433 546 2522 tantiam
567 2438 662 2552 pedi
681 2434 886 2534 insistere,
906 2446 947 2523 δι
979 2429 1076 2518 effet
1091 2431 1227 2546 aliqua
1251 2427 1362 2545 spatij
1388 2430 1612 2545 amplitudo
1631 2493 1642 2530 ‚
1659 2429 1766 2516 intral

387 2579 512 2664 quam
527 2545 752 2666 quodlibet·
761 2554 957 2664 puralium
977 2575 1253 2664 opportunum
1268 2541 1366 2630 effer
1384 2545 1650 2634 const-stentlae
1669 2578 1766 2630 cen-

388 2669 440 2748 tri
455 2671 672 2777 gravitatis.
710 2672 775 2752 Sic
794 2695 886 2750 aves
904 2663 1005 2765 illae',
1027 2695 1115 2780 quae
1130 2667 1200 2748 uni
1212 2663 1308 2776 pedi
1322 2659 1527 2760 infistunt,
1539 2659 1766 2777 cujusmodi

389 2777 482 2896 sunt
499 2810 617 2892 grues
633 2844 644 2881 ,
663 2793 704 2868 &
720 2786 911 2880 ciconiae,
930 2781 1081 2892 digitos
1095 2779 1252 2880 babens
1272 2777 1501 2889 longiores,
1519 2809 1622 2892 quos
1645 2779 1769 2865 valde·

388 2892 595 3009 explicant
607 2898 718 3010 quast
732 2901 776 2980 in
790 2901 948 3008 gyrum,
961 2923 1006 2980 ut
1018 2894 1186 3009 amplior
1197 2893 1244 2976 fit
1256 2892 1354 2977 basrs
1372 2889 1668 2978 sustentationis
1680 2931 1691 2988 ς
1704 2901 1767 2980 in·-

390 3009 452 3094 tri
466 3041 589 3126 quam
600 3041 646 3095 ut
665 3005 782 3107 cadat
795 3014 900 3096 linea
916 3007 1289 3108 direeiionisaltero
1305 3005 1408 3122 pede
1422 3007 1581 3094 elevato
1596 3010 1766 3094 inclina·

392 3119 671 3241 turcorpusln
681 3129 905 3243 opppfitam
916 3151 1329 3240 partemutcentrum
1339 3127 1766 3234 gravitatisimmineat

393 3242 488 3356 pedi
508 3237 755 3328 sustentanti.
786 3244 973 3346 ‚Eandem
990 3240 1044 3334 ob
1063 3239 1222 3324 causam
1244 3237 1423 3334 anseres,
1439 3249 1480 3324 δι
1496 3268 1657 3338 anates,
1676 3272 1767 3356 qua:

393 3350 522 3442 multi
540 3387 661 3442 earne
685 3357 918 3465 abundant„
940 3367 981 3444 ὅ(
1007 3355 1142 3469 amplo
1161 3352 1250 3438 sunt
1274 3357 1469 3468 pedore„
1493 3355 1645 3444 alterni
1663 3389 1765 3470 qua-

393 3471 490 3556 dam
516 3477 561 3554 in
583 3473 771 3556 dextrum
786 3535 801 3578 ,¹
816 3483 859 3570 bc
887 3471 1086 3558 sinistrum
1113 3470 1216 3554 latus
1233 3469 1505 3562 inclinatione,
1515 3471 1775 3581 gradiuntur,

394 3581 576 3702 idedque
586 3588 796 3702 ampliores
815 3587 969 3672 habent
977 3585 1132 3705 palmas
1140 3645 1154 3681 ,
1168 3613 1214 3666 ut
1232 3579 1343 3684 citri·
1351 3587 1522 3672 cadendi
1540 3587 1768 3700 periculum

398 3729 585 3786 centrum
603 3709 808 3814 gravitatis
823 3699 980 3791 facilius
1004 3701 1069 3801 uel
1086 3703 1297 3786 immineat
1313 3701 1677 3812 pedilustentanti,
1701 3707 1769 3791 vel

399 3815 615 3922 minimiun
633 3818 684 3902 ab
703 3849 753 3900 eo
781 3817 959 3901 declinet
978 3878 989 3914 ,
1018 3847 1070 3911 ne
1088 3820 1263 3934 majore,
1290 3812 1412 3929 quim
1424 3847 1504 3930 par
1524 3818 1594 3914 stt,
1613 3823 1768 3936 impetu

399 3927 808 4048 descendenscorpus
826 3936 1069 4018 &anteriori
1090 3934 1185 4046 pedi
1199 3931 1460 4038 incumbens,
1477 3929 1586 4042 tibiae
1609 3935 1770 4020 muscu-

400 4043 735 4152 los,&tendines
755 4047 884 4132 laedat.
910 4053 1020 4130 Aves
1033 4044 1260 4160 verd,quae
1274 4042 1543 4134 subtilioribus
1564 4049 1770 4138 ramuscu-

402 4157 450 4244 lis
477 4163 650 4260 insrde'nt
679 4189 762 4252 non
781 4145 1027 4275 palmipedes'
1052 4157 1170 4260 sunt,
1194 4158 1259 4246 sed
1276 4161 1455 4274 digitatae
1476 4168 1487 4256 (
1500 4163 1639 4276 palma:
1655 4170 1770 4254 enim
1802 4195 1805 4203 ’
1854 4257 1883 4277 ,

401 4276 543 4360 avibus
558 4275 774 4394 amphibiis
794 4277 848 4363 ad
868 4278 1090 4374 natandum
1108 4278 1468 4390 potiffiruumdatae
1488 4281 1704 4376 videntur)
1725 4309 1772 4364 ut

402 4395 519 4474 ramis
535 4390 715 4480 tenacibs
733 4393 979 4486 inhaereant,
996 4421 1083 4504 quae
1095 4387 1359 4508 praeterquim
1379 4393 1491 4506 quod
1505 4399 1667 4506 exiguae·
1679 4395 1770 4482 sunt

399 4507 631 4618 gravitatis,
652 4505 773 4604 facile
791 4504 829 4590 se
852 4505 993 4589 filiunt
1016 4513 1063 4608 in
1084 4505 1192 4602 linei
1214 4509 1463 4619 direelionis,
1485 4539 1574 4624 quae
1593 4514 1710 4598 cadat
1726 4516 1769 4596 in

400 4615 692 4730 raurusculum,
711 4628 778 4712 cui
794 4620 988 4726 insistunt
993 4683 1004 4722 ,
1018 4631 1190 4743 majore,
1203 4623 1269 4726 vel
1281 4631 1438 4724 minoto
1449 4625 1622 4736 angulo,
1642 4655 1769 4739 quem

1604 4739 1762 4829 faciunt
1821 4741 1826 4747 ’
1849 4807 1853 4814 .
