3794 5266
387 157 501 372 l74
598 185 600 192 Ι
861 199 1283 334 mechanicorum
1363 205 1367 212 ⁴

383 389 553 498 aureius
570 387 672 501 parti
693 379 938 499 applicatur,
956 411 1047 497 quac
1065 375 1280 496 respondet
1293 377 1385 466 velo
1396 379 1756 481 nonsollrrnanten.

383 535 445 590 nae
460 504 677 599 cornibus,
702 501 908 589 sedetiam
932 497 1046 581 navis
1066 496 1259 582 lateribus
1274 495 1462 611 alligato:
1479 501 1615 590 velum
1630 535 1754 598 autern
1860 523 1861 528 ‘

308 638 311 653 '
381 621 428 707 in
443 619 661 708 humiliore
678 617 770 701 loco
785 621 920 702 minus
935 613 1081 727 recipit
1101 617 1235 730 uenti,
1251 613 1348 727 quia
1374 613 1454 700 alta
1472 623 1671 730 majorum
1689 658 1753 713 m.

382 733 497 822 vium
512 733 657 852 puppis
677 733 774 829 (nist
793 761 999 818 ventusex
1015 728 1139 812 latere
1156 725 1301 844 spiret)
1321 758 1446 815 vento
1459 735 1639 848 opposita
1650 739 1754 830 illum

380 849 584 938 subtrahit
599 847 713 948 velo,
731 861 772 934 &
791 871 1165 966 practerea-ventus,
1184 844 1314 962 quiin
1332 846 1445 932 navis
1458 855 1629 966 puppim
1651 844 1754 942 &lai

382 978 467 1054 t'cra
480 966 664 1066 illiditur,
684 963 918 1060 refleditur,
934 971 975 1046 &
990 963 1189 1074 proximas
1203 967 1315 1046 venti
1330 991 1461 1080 partes
1475 967 1625 1066 turbat,
1640 997 1754 1086 atque

380 1081 570 1172 aliorsum
587 1079 752 1192 dirigit,
773 1079 837 1166 vcl
849 1075 986 1162 saltem
1000 1075 1159 1160 illarum
1171 1081 1368 1194 impetum
1382 1085 1589 1166 imminuit
1595 1114 1671 1178 rex
1681 1119 1754 1205 quo

382 1207 512 1286 oritur
527 1195 675 1284 minori
688 1195 729 1281 vi
744 1193 895 1310 im'pelli
908 1191 1055 1279 velum.
1101 1195 1157 1276 At
1168 1223 1300 1309 partes
1317 1201 1429 1280 venti
1444 1195 1693 1288 sublimiores
1709 1203 1754 1290 ab
1860 1245 1861 1290 l

381 1318 446 1402 his
465 1311 726 1400 inferioribus
739 1313 919 1406 reflexis,
935 1309 999 1392 vel
1015 1305 1140 1406 nihil,
1156 1309 1218 1394 vel
1232 1309 1369 1400 mitilrs
1387 1309 1621 1414 turbantur,
1638 1347 1753 1434 atque

381 1429 489 1518 aded
511 1439 644 1546 plures
658 1429 711 1514 ad
729 1421 980 1547 implendum
992 1423 1130 1509 velum
1143 1431 1295 1540 majore
1314 1425 1354 1511 vi
1369 1457 1599 1514 accurrunt.

393 1567 398 1574 '
441 1549 563 1635 Adde
580 1542 671 1642 (his
683 1547 805 1630 ctiam
821 1567 960 1628 mente
975 1535 1156 1636 seclusis)
1176 1561 1346 1628 ventum
1359 1548 1402 1626 in
1420 1540 1650 1649 sublimiore
1669 1545 1753 1636 loco

380 1663 515 1751 multo
531 1659 770 1748 validiorem
781 1651 859 1744 esse
870 1719 883 1754 ,
894 1651 1021 1770 quim
1039 1659 1082 1738 in
1094 1655 1306 1757 inferiore,
1319 1687 1366 1744 ac
1378 1659 1684 1776 proptereaqub
1699 1665 1751 1748 al·
1788 1741 1811 1766 N

382 1806 463 1864 nus
481 1773 677 1862 attollitur
694 1774 850 1872 velum,
869 1801 954 1855 non
976 1768 1103 1866 solirm
1119 1774 1337 1880 majorem,
1357 1775 1425 1867 sed
1449 1781 1571 1862 etiam
1589 1780 1752 1865 validio-

380 1925 473 1980 rem
488 1920 659 1978 ventum
674 1895 853 2006 excipit,
874 1919 957 2002 quo
979 1886 1026 1970 fit
1041 1947 1052 1984 ,
1068 1914 1115 1970 ut
1139 1888 1346 1976 incitatior
1370 1891 1418 1974 srt
1435 1897 1589 2005 navigii
1613 1923 1751 1980 motus.

380 2011 535 2125 Neque
554 2009 704 2095 dehoc
721 2006 835 2091 venti
867 2001 1099 2089 discrimine
1122 2003 1309 2091 dubitare
1332 2005 1482 2120 poterit
1502 2015 1747 2096 cui'contin·

378 2153 448 2242 gat
473 2132 550 2209 iter
568 2125 719 2210 babere
747 2121 792 2207 in
815 2118 947 2236 ampla
964 2117 1133 2234 planitie
1163 2117 1373 2208 arboribus
1410 2139 1451 2210 δι
1473 2124 1656 2212 edificiis
1681 2159 1746 2212 va·

380 2241 458 2328 eud
477 2267 601 2326 vento
619 2239 743 2324 flante
767 2273 780 2333 3
809 2237 972 2322 sienim
990 2249 1042 2320 err
1070 2263 1180 2348 equo
1207 2238 1383 2338 d'esrliat‘,
1406 2248 1448 2324 δι
1469 2241 1588 2326 humi
1608 2239 1750 2343 sedeat,

378 2355 593 2446 manifeste
618 2357 839 2471 percipiet,
866 2377 1020 2466 quanto
1038 2354 1194 2436 minore
1211 2357 1252 2438 vi
1268 2353 1520 2470 imperaturi
1535 2389 1673 2446 vento.
1705 2361 1749 2448 ld
1860 2385 1861 2432 l

375 2465 490 2592 quod
503 2471 651 2588 pariter
661 2500 713 2555 ex
726 2467 809 2586 ipsi
821 2467 901 2552 v'eli
918 2465 1048 2580 sigurd
1059 2465 1242 2581 arguitur
1249 2503 1260 2563 3
1274 2470 1474 2558 srvecnitn
1485 2473 1621 2560 velum
1634 2475 1749 2558 trian-

375 2587 517 2706 gulare
531 2585 676 2684 fuerit,
695 2595 737 2671 δι
751 2581 918 2698 obliqui
944 2587 1124 2670 antennas
1138 2589 1318 2697 erigatur
1341 2613 1397 2670 ιιι
1417 2615 1462 2671 ιιι
1482 2591 1590 2704 quast
1615 2621 1748 2676 aurem

373 2707 521 2822 leporis
538 2699 746 2801 imitetur,
761 2697 891 2798 altiori
902 2726 1053 2796 vento,
1071 2720 1212 2816 utpote
1226 2702 1521 2788 vehementiori
1538 2768 1549 2803 ,
1567 2735 1657 2821 pars
1674 2707 1748 2790 veli
1859 2721 1860 2730 '

375 2819 547 2906 stridior
559 2815 862 2934 objiciturssrve
870 2811 1058 3013 pluribus
1069 2816 1459 2930 quadrangularibu's
1471 2821 1570 2905 velis
1582 2821 1745 2906 instrua·
1766 2833 1781 2874 s

377 2953 444 3022 t'ur
464 2940 674 3047 navigium
689 2936 766 3031 ita,
785 2959 830 3014 ut
846 2959 869 3014 a
885 2933 923 3013 ia
936 2927 1158 3044 superiora,
1173 2929 1323 3016 scilicet
1338 2933 1527 3034 dolones,
1547 2937 1626 3021 alia
1646 2937 1746 3023 infe·

378 3057 484 3137 riora
502 3051 611 3148 sint,
642 3046 834 3160 videlicet
862 3047 1004 3130 Acatia
1026 3077 1039 3137 ι
1067 3043 1156 3159 quae
1174 3042 1290 3160 supra
1310 3051 1490 3135 Corbcm
1510 3051 1746 3154 statuuntur,

376 3198 462 3252 non
477 3165 603 3251 solum
620 3169 777 3249 minora
795 3157 887 3245 sunt
899 3159 1223 3268 inferioreuclo,
1239 3160 1305 3249 sed
1324 3165 1445 3250 etiam
1465 3197 1605 3252 eorum
1620 3168 1746 3286 supfe.
1858 3171 1859 3178 ‘

377 3295 444 3370 r'na
461 3311 552 3398 pars
579 3279 718 3393 longb·
734 3275 980 3363 stridiorest
1003 3273 1082 3359 basi
1106 3337 1118 3375 ,
1141 3303 1186 3359 ut
1209 3283 1401 3366 nimirum
1425 3289 1561 3368 minus
1587 3292 1747 3400 recipiat

375 3405 490 3486 venti
509 3395 737 3482 validioris:
758 3420 970 3508 propterea
993 3380 1218 3502 ingrlren'te·
1237 3396 1475 3510 tempestate
1488 3399 1665 3514 primlrm
1684 3401 1745 3484 su-

375 3519 534 3644 periora
552 3511 641 3598 vela
658 3514 968 3626 deprimuntur,
989 3535 1035 3590 ut
1059 3507 1202 3623 majori
1225 3539 1439 3596 ventorum
1460 3527 1501 3598 vi
1521 3513 1744 3602 subducan-

374 3663 465 3726 turr
486 3634 698 3742 eriguntur
709 3655 847 3712 autem
861 3619 1075 3712 celeritatis
1093 3619 1233 3724 causa,
1249 3653 1295 3709 ut
1308 3627 1335 3710 fi
1349 3632 1514 3746 quando
1530 3627 1663 3719 effusi
1679 3633 1743 3717 su-

371 3745 658 3876 gereopnssrt.
1313 3732 1331 3796 l

430 3867 539 3948 Ecce
551 3887 678 3974 lgrtur
694 3883 795 3941 citra
812 3885 975 3940 omnem
989 3857 1115 3940 vedis
1129 3860 1350 3958 rationem,
1373 3875 1444 3940 Cer
1456 3856 1742 3970 quandoaurea.

371 3983 423 4058 tia
428 3973 617 4083 sublimior
626 3969 771 4081 fiterit,
788 3965 918 4078 iisdem
930 3970 1052 4072 velis,
1070 3967 1236 4062 &vento
1254 3975 1399 4075 eodem,
1418 3973 1565 4057 celerias
1572 3973 1744 4080 fitruntnr

350 4099 351 4106 ‘
369 4098 555 4201 navigia:
571 4097 673 4210 qnia
692 4087 844 4174 scilicet
860 4087 998 4176 velum
1021 4087 1140 4176 altibs
1165 4085 1365 4178 sublatum
1390 4105 1432 4182 δι
1449 4093 1539 4211 plus
1556 4102 1688 4208 venti,
1700 4107 1740 4185 δε

369 4211 607 4302 validiorem
622 4235 791 4292 ventum
809 4209 963 4322 recipit.
1011 4205 1181 4323 Qodsr
1202 4209 1253 4293 ad
1264 4213 1388 4296 vedis
1403 4212 1577 4297 rationes
1597 4214 1740 4300 confu-

396 4332 566 4418 icndum
581 4318 699 4421 effer,
722 4351 804 4407 non
818 4349 1064 4437 quareretur
1079 4383 1090 4420 ,
1105 4323 1554 4413 curcelerilrssemntur
1569 4335 1740 4446 navigia,

366 4361 435 4535 ied
448 4507 458 4542 ,
471 4473 544 4528 cur
554 4439 710 4527 facilius
725 4465 737 4524 ‚²
754 4442 866 4524 Nam
878 4435 1003 4522 vedis
1015 4437 1233 4549 longitudo
1252 4443 1267 4537 l
1277 4443 1348 4525 nist
1367 4444 1472 4529 sorti:
1485 4449 1528 4528 in
1539 4449 1740 4543 resteter-

338 4556 343 4565 ¹
366 4548 412 4677 tij
428 4563 616 4676 genesin,
673 4559 744 4654 ius
761 4554 920 4640 nullum
937 4551 1155 4667 vestigium
1170 4557 1545 4674 deprehenditurm
1557 4563 1664 4647 malo
1678 4593 1738 4671 na·
1854 4637 1855 4646 ι

360 4678 451 4781 sis)
468 4707 555 4766 non
570 4679 648 4762 'cel
697 4699 819 4762 :atem
832 4666 968 4762 morsu
982 4669 1157 4788 ponderi
1172 4673 1386 4798 conciliat,
1405 4673 1473 4764 scd
1489 4677 1736 4779 facilitatem,

1447 4816 1454 4830 ’
1684 4823 1736 4884 Ιῐὸ
