3708 5274
407 225 829 394 Liberftptimus.
881 235 1105 348 CA'PuT
1140 231 1242 344 IX.
1406 271 1515 378 7⁰7

139 401 199 488 nd
215 424 266 484 et
284 425 479 514 corpore,
499 427 589 514 quae
608 419 778 482 externo
806 389 976 518 impuisu
1002 394 1153 509 agitata
1167 419 1282 484 motu
1301 393 1528 488 indeo'ssvi

144 513 369 650 Horizonti
382 512 593 652 parallelo,
620 511 703 650 sive
726 512 778 596 ad
791 509 1065 596 Horizonteni
1087 539 1160 595 aut
1174 511 1369 642 obiiqud5
1386 541 1457 598 aut
1473 515 1528 606 ed

145 627 1526 868 {diffindidiffindi&{immid

150 889 232 946 tate
246 889 318 977 per
330 860 499 976 aequalia
512 855 634 974 spatia
646 885 912 956 moveantur,
930 857 1126 974 equalem
1141 883 1340 973 impetum
1364 861 1527 977 finguloe
1692 929 1695 936 .

144 980 352 1090 recipiunt
366 1032 379 1074 ,
394 973 419 1060 i
434 1003 624 1060 movente
640 965 884 1090 impreffun.
929 973 1122 1058 Similiter
1140 981 1267 1088 igitur
1290 981 1335 1060 in
1360 1005 1529 1095 corpore

144 1089 217 1176 illo
229 1091 549 1205 concipiendum
569 1089 629 1176 est
652 1093 1000 1206 punstum,quod
1027 1089 1369 1197 centrumnnpetes
1391 1097 1530 1184 vocati

143 1205 299 1322 potest,
320 1212 420 1320 quia
440 1206 541 1290 illud
563 1207 734 1322 aequales
756 1202 857 1290 hinc
877 1215 921 1291 ὅ(
936 1209 1232 1321 hinc-Impetus
1250 1207 1527 1308 circumstant,

142 1321 492 1436 quemadmodum
512 1323 716 1407 Centrum
730 1318 952 1405 Gravitatis
961 1323 1126 1421 dicitur,
1140 1322 1248 1408 circa
1262 1325 1372 1438 quod
1388 1333 1528 1439 Taequa·

145 1435 203 1526 lia
217 1436 424 1552 gravitatis
435 1463 643 1522 momenta
654 1435 842 1554 disposita
852 1435 1152 1550 intelliguntur.
1197 1437 1316 1522 Hinc
1337 1439 1529 1558 iicorpo-

149 1557 204 1636 ris
214 1551 419 1670 particule
429 1552 582 1638 fuerint
594 1559 764 1637 omnino
777 1551 1065 1666 homogeneae‚
1078 1549 1269 1668 adedque
1279 1554 1396 1668 teque
1408 1583 1529 1672 capn-

148 1697 221 1753 ces
232 1664 407 1784 impetiit
422 1667 659 1784 recipiendi,
675 1667 777 1772 iilud
785 1663 897 1754 idem
907 1672 985 1750 erit
998 1666 1401 1786 Centrum'Impetiis,
1418 1671 1531 1784 quod

146 1782 211 1869 est
225 1811 412 1872 centrum
434 1785 574 1882 molis,
590 1781 657 1868 seu
672 1783 966 1895 magnitudinis
980 1816 992 1878 5
1008 1811 1106 1869 nam
1121 1784 1263 1870 eadem
1283 1783 1420 1890 plana,
1439 1809 1529 1901 quae

147 1896 301 1984 molem
316 1898 524 2014 aequaiiter
535 1899 747 1999 dividunt,
762 1898 886 1983 etiam
898 1898 1103 2016 equaliter
1119 1901 1310 1985 dividunt
1327 1906 1531 2016 Impetum

149 2015 411 2131 persingulas
426 2009 1114 2131 pinicdasaequabiliterdiffusum.
1139 2019 1196 2098 At
1212 2015 1240 2098 fi
1255 2043 1339 2098 non
1352 2012 1532 2128 ejufflem

149 2136 314 2242 generis
333 2130 486 2216 fuerint
505 2155 638 2247 partes
651 2129 905 2246 corpusillud
922 2157 1235 2245 componentes,
1250 2129 1316 2216 sed
1329 2130 1533 2230 raraenliae.

142 2244 237 2330 aliae
250 2243 407 2345 densae,
424 2245 636 2332 hocestex
649 2245 815 2331 materid
826 2249 973 2361 partim
987 2273 1100 2329 tenui
1113 2305 1126 2344 ,
1141 2241 1533 2362 partimconstipati,
1676 2243 1679 2250 ’

140 2359 251 2445 sicut
281 2389 366 2446 non
393 2356 637 2461 effetidtm
669 2365 871 2447 Centrum
894 2361 1146 2459 Gravitatis,
1173 2364 1536 2476 acquantum

140 2473 480 2589 Magnitudinis,
502 2479 557 2562 ita
571 2505 708 2593 neque
721 2479 834 2562 idem
846 2475 1015 2560 estcum
1032 2475 1157 2561 Molis
1169 2479 1534 2564 centroCentrum

143 2591 331 2708 Imperiis
353 2594 521 2710 iinpreiii
535 2626 548 2687 r
561 2591 684 2708 quia,
699 2619 745 2680 ut
760 2621 812 2678 ex
826 2593 1203 2706 Projeeiitconsiat,
1226 2599 1378 2712 eoque
1389 2589 1533 2676 secun-

128 2707 255 2796 ·ditm
271 2705 445 2824 speciem
460 2707 712 2794 leviorasunt
723 2767 735 2807 ‚
748 2705 904 2793 ceteris
920 2706 1102 2822 paribus,
1122 2713 1323 2792 minorem
1337 2713 1536 2820 impetum

146 2823 397 2940 concipiunt
413 2830 482 2922 i&
498 2823 654 2937 globuii
671 2854 723 2921 ex
739 2822 879 2936 tigilli
891 2822 1037 2921 efflei,
1051 2853 1152 2936 quos
1168 2822 1318 2908 buiistae
1333 2821 1533 2920 cribrant,

142 2943 348 3052 niajorem
367 2944 493 3023 idiunt
512 2939 734 3053 infligunt,
752 2934 876 3052 quim
891 2965 1005 3054 pares
1019 2937 1173 3050 globuli
1189 2937 1312 3052 lignei
1326 2998 1338 3035 ,
1354 2941 1424 3050 qui
1442 2934 1535 3022 sunt

145 3050 506 3168 argiildievioret)
529 3083 577 3138 nc
595 3043 764 3170 proinde
781 3057 982 3139 Centrum
1004 3049 1369 3168 inpermimpreffi
1392 3046 1535 3136 affumi

143 3169 286 3286 potest
304 3173 412 3257 idem
430 3231 442 3270 ‚
457 3197 506 3254 ac
529 3174 727 3285 pontium
743 3167 870 3268 iliud,
896 3171 1009 3284 quod
1028 3173 1072 3251 in
1096 3197 1214 3254 motu
1238 3165 1408 3252 naturali
1435 3161 1534 3254 effer

140 3289 357 3374 Centrum
375 3283 582 3398 gravitatis
597 3286 669 3402 ipsi
685 3291 843 3400 corpori
860 3284 1093 3372 inexistens.

210 3405 353 3510 Quare
369 3407 412 3484 in
429 3400 606 3492 motibus
623 3429 841 3515 corporum
864 3395 1030 3486 externi
1053 3406 1093 3484 vi
1116 3395 1376 3513 impulsorum
1396 3427 1531 3485 atten-

140 3519 289 3608 denda
301 3516 361 3600 est
373 3515 657 3632 patirerlinea,
676 3514 897 3602 secundum
909 3545 1032 3630 quam
1045 3515 1382 3626 dirigiturmoms
1394 3511 1533 3622 iterius-

139 3635 265 3723 modi
280 3634 424 3716 Centri
440 3624 636 3745 Impetds:
650 3641 694 3716 δι
711 3635 908 3748 punstum
922 3630 1023 3716 iilud
1043 3631 1086 3714 in
1107 3635 1284 3744 corporis
1297 3635 1532 3747 percutient·

137 3757 199 3838 tis
226 3745 459 3861 superficie,
487 3748 600 3863 quod
616 3743 724 3831 linea
738 3746 970 3833 dirediionis
988 3743 1119 3832 motus
1137 3741 1161 3831 i
1178 3751 1334 3832 Centno
1354 3735 1533 3860 Impedit

141 3867 278 3955 dudit
291 3862 497 3976 designat,
512 3857 640 3976 ipsum
655 3861 737 3960 est,
756 3868 800 3946 in
817 3893 901 3979 quo
922 3891 1066 3978 corpus
1084 3860 1314 3980 percutiens
1328 3858 1534 3946 vimsunin

140 3979 389 4070 validiiinne
417 4003 597 4063 exercet.
647 3981 757 4064 Cum
784 3983 893 4063 enim
911 3985 1048 4064 omnia
1070 3980 1189 4094 plana
1215 3979 1420 4094 perhanc
1447 3979 1532 4061 Di-

139 4098 342 4186 neffionis
355 4089 645 4180 mmdslineam
660 4093 905 4179 transeuntia
930 4101 1128 4210 (quorum
1144 4093 1211 4177 ilia
1224 4091 1283 4178 est
1303 4089 1531 4176 conmuni

131 4213 300 4304 festio)
323 4209 509 4294 dividant
533 4208 765 4295 universum
788 4215 989 4325 Impetum
1018 4216 1061 4294 iu
1084 4237 1215 4326 puroet
1236 4209 1339 4293 irinc
1364 4217 1406 4293 de
1429 4208 1531 4294 hinc
1692 4255 1701 4262 ·

131 4324 349 4444 aquales,
375 4325 530 4441 quippe
547 4353 637 4440 quae
660 4331 781 4410 etiam
799 4355 870 4442 per
890 4331 1092 4414 Centrum
1111 4321 1289 4440 Imperiis
1304 4319 1532 4422 eranssunt,

135 4453 202 4532 ita
218 4473 275 4526 ex
287 4441 533 4554 percuffione
551 4441 597 4523 in
611 4446 762 4556 pundo
774 4441 846 4526 iilo
858 4440 1078 4558 impeditur
1090 4471 1229 4524 motus
1241 4468 1309 4541 ,ut
1326 4467 1461 4552 neque
1478 4440 1546 4524 ud·

134 4565 286 4652 hanc,
302 4585 436 4670 neque
451 4554 630 4668 odiliam
645 4573 800 4673 patrem
811 4559 1027 4644 deflenere
1040 4557 1149 4674 possit
1160 4586 1306 4673 corpus
1317 4558 1535 4672 impactum

107 4723 112 4736 ·
132 4685 186 4766 in
195 4668 373 4759 obicem
384 4733 396 4772 ,
408 4670 658 4792 quireiistit.
703 4677 871 4795 Qud-si
882 4681 1079 4792 putidum
1095 4668 1300 4760 contudit
1317 4671 1441 4762 fuerit
1459 4699 1533 4756 ex-

134 4857 161 4868 „
1010 4799 1182 4884 VVuu
1246 4827 1265 4880 2
