3918 5262
325 259 328 268 '
381 237 455 338 ⁶6
707 311 713 321 .
847 209 1278 329 Mecbam'mrum

372 395 425 475 ris
440 377 669 498 ternpofitae
689 373 823 464 mimis
838 377 1000 462 recedat
1026 372 1201 464 inredio
1221 377 1392 464 hnmani
1407 383 1611 497 corporis,
1628 381 1757 475 adem

273 493 276 502 ’
372 531 455 622 que
470 496 629 587 facilius
642 499 765 579 etiam
775 519 914 578 motus
924 493 1177 608 perficiatur,
1195 499 1297 611 quin
1312 497 1476 609 opussrt
1487 497 1598 584 tanti
1665 527 1772 617 rpc-.

374 627 429 702 ris
447 615 684 700 inflexione.
722 608 860 694 Simile
874 610 979 724 quid
992 613 1245 724 experimur,
1272 612 1301 694 fi
1326 607 1456 726 quisi
1476 609 1572 698 serie
1596 529 1664 699 tiri
1688 645 1757 712 att

373 759 496 848 caput
510 733 620 814 enim
645 755 741 810 cum
757 727 924 808 thorace
939 727 1197 808 inanteriora
1218 725 1386 809 reclinat
1406 761 1418 820 3
1437 728 1563 842 pedes
1584 643 1689 815 ver}
1709 735 1760 816 in

372 847 591 964 posteriora
613 839 749 926 verrin
764 837 902 924 sedem
910 840 1100 936 retrahit,
1114 869 1160 924 ut
1174 845 1367 924 nimirum
1382 845 1506 955 pedes
1524 839 1754 958 supponan.

372 991 441 1046 tur
452 987 593 1045 centro
606 959 826 1070 gravitatis,
837 955 948 1070 quod
966 954 1143 1067 primitm
1157 959 1342 1040 imminet
1357 961 1458 1070 parti
1474 957 1613 1068 digitis
1623 966 1756 1074 prorria

372 1103 474 1174 rme,
492 1073 642 1158 demde
660 1099 828 1184 corpore
842 1073 976 1152 cretio
991 1069 1099 1153 linea
1118 1069 1350 1154 direiiionis
1363 1070 1500 1158 versus
1517 1071 1618 1158 talos
1637 1101 1756 1161 rece-

373 1195 446 1278 dit.
494 1191 610 1270 Hinc
633 1191 755 1270 etiam
781 1213 891 1299 patet
910 1215 983 1266 cur
1000 1187 1128 1268 homo
1145 1181 1310 1299 supinus
1322 1189 1462 1300 jacens
1484 1183 1644 1298 surgere
1668 1219 1758 1276 non

371 1306 512 1422 possit,
528 1303 604 1386 nist
622 1304 797 1385 retmstis
808 1297 882 1383 sub
896 1287 933 1382 st
947 1298 1142 1413 pedibus,
1158 1310 1200 1384 ὃ(
1215 1302 1382 1384 thorace
1396 1307 1443 1384 in·
1453 1307 1651 1388 anteriora
1662 1331 1754 1420 pror

373 1419 487 1539 pulso
505 1449 578 1534 per
592 1422 792 1532 impetum
805 1413 874 1496 srbi
893 1409 1135 1526 impressum.
1170 1415 1267 1498 Vidi
1289 1443 1425 1500 tamen
1439 1435 1523 1500 non
1542 1413 1660 1502 semel
1674 1423 1753 1504 ho-

371 1541 552 1632 minem,
576 1537 650 1648 qui·
667 1561 760 1616 cum
781 1525 943 1642 supinus
956 1530 1420 1642 jaceremnonretrastis
1436 1528 1508 1616 sub
1524 1528 1563 1614 se
1580 1534 1759 1646 pedibus

370 1649 561 1766 surgebat
587 1649 708 1763 plane
739 1649 869 1729 rectus
889 1644 990 1727 sicut
1011 1642 1130 1758 stipes
1156 1678 1170 1739 3
1194 1645 1246 1730 ad-
1273 1673 1396 1760 caput
1412 1675 1550 1732 autem
1567 1677 1754 1762 appone-

373 1765 473 1866 bat,
509 1764 574 1850 vel
604 1761 774 1876 globum
807 1764 1118 1843 tormentarium
1140 1763 1335 1872 majorem
1362 1760 1468 1858 ‚rel
1497 1759 1635 1846 sarum
1666 1791 1757 1848 non

372 1885 563 1968 modicae.
580 1879 815 1989 gravitatis3
838 1875 948 1992 quod
975 1903 1099 1964 uranu
1126 1881 1297 1988 utrique
1315 1875 1610 1990 apprehensum
1628 1880 1752 1966 atrol⁴

371 1998 513 2094 iebat,
545 1991 803 2080 &velociter
828 1994 872 2072 in
891 1996 1090 2074 anteriora
1118 1989 1308 2075 movebat
1330 2053 1342 2087 ‚
1374 1990 1530 2106 sibique
1549 1997 1755 2107 impetum

371 2109 668 2227 imprimebat:
705 2114 880 2220 impetus
906 2107 1018 2186 enim
1049 2099 1253 2218 imprtffus
1279 2135 1520 2216 promovens
1551 2109 1604 2192 ad
1632 2137 1755 2194 ante*

372 2241 478 2312 nora
501 2222 671 2320 saxum,
711 2233 755 2306 &
774 2249 919 2333 corpus
943 2215 1078 2332 'ipsum
1114 2219 1310 2304 vincebat
1333 2225 1571 2333 gravitatem
1601 2251 1752 2340 corpo-

371 2348 424 2428 ris
449 2341 667 2455 catemqui
693 2333 819 2421 casuri
846 2370 859 2430 3
884 2363 936 2418 ex
972 2336 1146 2420 brachiis
1174 2363 1312 2418 autem
1340 2337 1513 2421 extenfis
1549 2333 1688 2434 fixum
1727 2338 1755 2424 ὰ

371 2485 544 2572 torpore
574 2480 775 2538 remotum
800 2452 1034 2534 tenentibus
1061 2449 1296 2548 oriebatur,
1322 2477 1372 2534 ut
1395 2479 1584 2536 centrum
1612 2458 1753 2566 gravi»

372 2580 464 2658 ratis
489 2569 608 2656 mom
633 2566 860 2683 composita
897 2563 1024 2678 longi
1053 2564 1174 2652 ciritit
1210 2569 1441 2650 immineret
1479 2569 1685 2682 pedibus,
1725 2569 1754 2654 i

371 2689 521 2806 quibus
562 2681 898 2780 sustentabatur,
938 2687 1063 2764 etiam
1095 2709 1320 2795 antequam
1346 2682 1483 2796 planta
1511 2711 1661 2770 terram
1685 2712 1754 2770 at·
1839 2765 1844 2774 ,

371 2811 583 2918 tingeret,
611 2797 679 2884 sed
710 2827 807 2885 cum
832 2796 969 2881 adhuc
995 2792 1068 2878 soli
1097 2793 1197 2879 calci
1224 2799 1479 2881 inniteretur.
1533 2805 1751 2914 Qantum

371 2917 474 3008 terti
514 2921 689 3028 impetus
719 2911 849 2998 valeat
879 2911 933 2995 ad
968 2912 1213 2994 vincendam
1254 2913 1478 3026 oppositam
1510 2921 1781 3024 gravitatem„

372 3037 576 3151 torporis‘,
597 3055 709 3144 patet
725 3031 770 3112 in
787 3023 1072 3141 cespitantibus
1093 3029 1193 3138 ,qui
1213 3054 1365 3110 naturae
1382 3030 1509 3112 doun
1526 3025 1634 3112 illico
1654 3029 1749 3114 bra·-

371 3154 468 3240 thia
485 3146 743 3250 extendunt,
760 3153 804 3228 &
823 3146 867 3224 in
883 3144 1126 3224 contrariam
1141 3167 1296 3254 partem
1321 3147 1575 3256 projiciunt,
1602 3171 1648 3226 ut
1675 3142 1752 3230 sci-

371 3267 470 3354 iicet
487 3269 661 3377 impetus
677 3263 720 3343 in
741 3255 966 3372 oppositam
980 3281 1335 3370 partemexaeqaet
1354 3251 1556 3342 excessum
1573 3265 1750 3370 gravita-

262 3455 267 3470 .
373 3387 451 3480 tis,
476 3405 568 3495 quae
590 3375 644 3459 ad
669 3391 933 3488 campartem
955 3372 1153 3485 reperitur
1173 3431 1188 3468 3
1210 3374 1396 3486 inquam
1416 3401 1468 3458 ex
1487 3371 1753 3488 cespitatione

373 3499 477 3584 faeta
503 3491 563 3578 est
587 3487 813 3574 inclinatio.

255 3612 258 3626 '
431 3613 494 3698 Ex
525 3609 590 3693 his
615 3603 717 3719 quid
749 3607 795 3688 in
819 3597 985 3714 lingulis
1011 3597 1188 3684 motibus
1220 3599 1445 3686 dicendum
1475 3599 1555 3700 fit,
1593 3605 1753 3691 intelli-

373 3757 477 3841 ges3
510 3721 786 3838 nequeenim
816 3721 948 3800 otium
980 3711 1042 3798 est
1071 3720 1131 3798 ire
1167 3743 1241 3831 per
1261 3716 1441 3829 ‘finguia
1495 3719 1632 3832 Caput
1663 3722 1751 3808 hoc

373 3842 521 3929 claudo
539 3835 810 3952 explicatione
838 3829 1100 3946 quaestionis,
1128 3861 1210 3944 qua
1236 3839 1458 3946 quaeritur,
1482 3830 1640 3946 quanto
1657 3865 1751 3921 ma.

367 3965 434 4076 jus
457 3953 629 4072 spatium
648 3975 856 4065 percurrat
881 3973 1005 4061 caput
1026 3941 1151 4062 quim
1176 3947 1299 4059 pedes
1323 3979 1339 4040 3
1364 3973 1522 4030 certum
1549 3943 1752 4064 Equidem

370 4074 431 4160 est
465 4075 678 4157 hominem
719 4067 765 4146 in
796 4057 903 4146 linei
935 4061 1167 4150 directionis
1200 4063 1416 4144 imminere
1448 4059 1604 4180 semper
1631 4093 1751 4152 terrae

370 4215 543 4280 centro3
569 4213 617 4268 ac
643 4179 814 4296 proinde
834 4177 865 4260 fi
882 4176 1010 4292 pedes
1025 4205 1078 4261 er
1098 4182 1131 4260 B
1156 4203 1359 4261 venerunt
1382 4181 1426 4260 in
1453 4179 1526 4277 C,
1549 4209 1671 4295 caput
1693 4211 1752 4268 en

369 4307 399 4393 F
424 4307 473 4387 in
494 4307 528 4387 E
548 4295 786 4383 transsatum
811 4291 873 4376 est
896 4317 970 4406 per
998 4305 1140 4376 arcum
1167 4294 1464 4405 FEmajortm
1494 4323 1593 4391 arcu
1635 4303 1667 4382 B
1693 4301 1751 4384 C.

371 4423 484 4506 ‘ium
506 4419 618 4500 enirn
642 4437 814 4526 uterque
844 4435 959 4490 attus
984 4408 1069 4491 BC
1087 4465 1101 4506 3
1121 4413 1152 4494 F
1166 4409 1199 4492 Ε
1226 4404 1489 4494 subtendatur
1512 4411 1648 4496 eidem
1672 4440 1747 4500 an-

371 4533 471 4648 gulo
490 4533 542 4616 ad
572 4555 793 4625 centrum,
818 4519 911 4608 sum
938 4519 1116 4624 similes,
1147 4529 1190 4607 &
1212 4547 1260 4618 ut
1278 4551 1395 4608 arcuo
1425 4527 1510 4611 BC
1539 4528 1592 4611 ad
1619 4553 1753 4615 totam.
1827 4579 1831 4586 ·

366 4647 482 4752 §nm
504 4644 803 4765 peripheriam,
826 4643 885 4762 ita
902 4639 1110 4732 astura
1131 4637 1187 4728 ad
1207 4633 1323 4728 satam
1341 4623 1614 4760 peripheriam
1625 4675 1638 4736 3
1654 4639 1755 4732 sune

665 4781 677 4794 ⁴
961 4791 965 4798 ·
1484 4810 1488 4816 -
1605 4785 1748 4850 autem
