3868 5270
397 219 503 370 696
728 244 732 254 ·
866 206 1289 327 Mechanicorum
1384 254 1389 357 j

400 381 493 588 &or
504 380 581 460 erit
596 378 697 464 itlus
708 373 831 492 ,quia
847 372 1007 488 longior
1020 401 1177 466 motusr
1194 371 1340 456 namin
1354 365 1617 455 conversione
1631 371 1786 479 corposs

407 523 426 578 r
472 487 815 592 obverr'itnrlrolli
824 492 1012 576 dextrum
1026 488 1128 574 latus
1140 483 1304 602 praecisi
1320 488 1397 582 ita,
1412 512 1458 568 ut
1473 480 1692 568 brachium
1712 507 1783 561 to-

406 637 493 719 tum
510 607 675 692 extendi
696 631 818 720 queat
832 639 845 700 5
861 615 903 696 δι
920 629 1109 720 praeterca
1132 628 1219 716 pars
1234 599 1410 684 exterior
1426 595 1569 684 maniis
1587 591 1785 680 deorsum

405 719 726 818 convertitur,err
738 743 995 834 quopropter
1004 713 1367 804 conformationem
1374 717 1651 829 junPturarum
1662 708 1786 794 cubi·

406 845 435 924 ti
452 851 493 926 &
505 865 646 922 manus
661 837 761 918 irtus
774 833 912 918 evadit
926 834 1029 918 duos
1047 829 1134 918 feri
1144 833 1294 944 digitos
1306 829 1490 942 longior,
1506 823 1629 942 quim
1645 825 1674 908 sr
1692 853 1783 908 non

405 956 521 1040 fieret
533 946 763 1063 hujusmodi
775 940 915 1032 manis
930 949 1161 1033 conversio:
1178 949 1345 1035 demum
1358 947 1454 1031 etim
1466 943 1665 1028 srnistrum
1683 939 1781 1025 bra-

406 1072 546 1154 chium
563 1074 605 1148 in
619 1062 836 1178 posteriora
844 1061 1075 1175 projiciatur
1089 1087 1301 1167 extentum
1313 1123 1324 1160 ,
1338 1061 1463 1172 fit,ut
1474 1061 1633 1173 corpori
1645 1061 1780 1168 major

403 1183 576 1296 impetus
598 1182 641 1263 in
663 1181 862 1262 anteriora
888 1177 1000 1291 pollrt
1014 1175 1189 1292 imprimi
1206 1173 1306 1260 citri
1325 1171 1552 1290 periculum
1573 1167 1780 1264 cadendi3

399 1293 826 1409 brachinmsrquidem
842 1319 893 1374 eo
905 1295 1021 1406 patio
1032 1297 1076 1376 in
1086 1290 1303 1407 posteriora
1324 1293 1567 1405 projestum,
1583 1287 1780 1373 transsato

401 1407 632 1524 gravitatis,
646 1434 693 1505 nt
708 1409 1010 1520 gravitationis,
1029 1434 1172 1492 centro
1183 1403 1310 1490 servat
1323 1410 1450 1488 totius·
1460 1407 1637 1518 torporis
1649 1401 1782 1516 aqui·

400 1524 599 1614 librlum(
634 1579 636 1589 ·
787 1577 792 1586 ·
1139 1595 1145 1609 .
1468 1557 1480 1566 ⁸

460 1645 553 1728 Nec
572 1637 742 1726 diffimili
766 1639 920 1720 rationo
935 1635 1191 1723 manifestum
1211 1635 1284 1736 fit,
1313 1663 1387 1720 tor
1400 1661 1586 1750 pugnum
1600 1631 1778 1722 validiits

400 1761 649 1874 impingant,
663 1757 734 1869 qui
747 1751 961 1838 brachium
975 1753 1103 1865 tnagis
1115 1754 1362 1837 contrahunt
1379 1811 1390 1845 ,
1404 1749 1585 1866 ideoque
1596 1748 1773 1834 validio-

356 1891 359 1899 ’
401 1903 463 1958 res
485 1873 586 1954 icius
606 1868 657 1953 ab
683 1873 730 1950 iis
743 1871 1008 1982 proveniant,
1028 1865 1101 1984 qui
1117 1867 1301 1979 longiora
1319 1863 1516 1950 habentes
1538 1863 1707 1950 brachia
1725 1896 1775 1952 ea

401 1989 529 2096 tnagis
543 1983 791 2071 contrahunt
806 2015 817 2076 ς
838 1979 939 2066 licut
957 1981 1067 2066 calce
1084 1982 1228 2068 fortiits
1243 1987 1443 2096 impetunt
1460 2041 1472 2078 ‚
1500 1983 1569 2095 qui
1584 1969 1774 2090 longioia

402 2101 556 2186 habent
567 2127 683 2182 crura
701 2134 710 2180 r
730 2093 1027 2212 qniavidelicet
1040 2095 1193 2182 diutitls
1204 2121 1421 2182 moventur
1435 2157 1447 2194 ,
1461 2091 1669 2208 magisque
1689 2100 1769 2180 im-

401 2240 541 2332 petum
553 2237 706 2326 augent
728 2221 770 2298 &
791 2209 1071 2310 velocitatem,
1095 2211 1340 2296 antiitium.
1383 2209 1772 2326 Sicvidesabveqnis
1803 2311 1807 2318 „

156 2399 159 2418 .
399 2329 686 2416 calcitronibus
705 2327 852 2441 podem
864 2330 907 2410 in
920 2330 1119 2412 anteriora
1134 2329 1305 2424 retrahi,
1321 2337 1362 2414 &
1375 2325 1426 2412 ab
1440 2330 1540 2413 irato
1550 2353 1666 2408 tauto
1679 2327 1768 2412 col-

126 2505 151 2550 ,
394 2445 481 2530 lum
495 2439 721 2558 deprellum
743 2447 791 2526 in
813 2439 1031 2554 posteriora
1053 2441 1228 2539 inflent,
1244 2469 1410 2556 corpore
1427 2445 1574 2557 pariter
1585 2469 1768 2541 curvato,

398 2559 560 2675 &quast
574 2565 617 2642 in
631 2555 850 2674 posteriora
862 2559 1031 2642 tenoilo
1043 2617 1055 2653 ,
1069 2583 1115 2640 ut
1125 2557 1307 2668 longiore
1321 2585 1433 2642 motu
1450 2555 1619 2641 validilts
1635 2551 1766 2672 impe.

398 2701 485 2760 tant
500 2714 509 2758 ε
526 2675 624 2758 hinc
643 2677 714 2788 qui
733 2669 893 2786 propior
903 2670 963 2755 est
975 2700 1083 2785 equo
1094 2669 1330 2769 calcitranti,
1341 2670 1475 2758 mimis
1486 2669 1659 2769 laeditnr,
1671 2677 1767 2786 quia

399 2791 581 2878 nondum
598 2801 756 2870 tanturn
776 2783 976 2903 impetum
991 2790 1207 2902 concepit,
1226 2812 1423 2900 qnantum
1445 2785 1630 2898 longiore
1651 2815 1765 2872 motu

398 2897 653 3019 concepisset

456 3015 702 3133 Hujnfinodi
714 3011 1062 3132 percuffionibusa*
1070 3013 1250 3133 potentii
1266 3025 1449 3118 vivente,
1469 3049 1558 3136 quac
1580 3015 1765 3106 suosmo·

398 3161 463 3217 tus
480 3163 532 3220 ex
549 3132 713 3219 arbitrio
736 3157 957 3248 temperat,
981 3135 1310 3243 provenientibus
1329 3163 1479 3220 cenam
1499 3135 1633 3245 legem
1649 3136 1764 3222 statui

398 3277 482 3333 non
526 3246 606 3334 olle
626 3277 745 3332 nemo
767 3247 996 3346 nonviriet,
1022 3249 1102 3332 srve
1121 3279 1266 3364 corpus
1282 3248 1511 3366 percutiens
1524 3253 1677 3366 impetu
1692 3281 1762 3336 ex-

396 3279 1106 3480 trinlicltsallumptonferaturnaturi
1116 3369 1284 3449 omnino
1294 3383 1569 3482 repugnante,
1590 3367 1672 3451 live
1685 3371 1762 3451 im-

396 3507 513 3595 petus
529 3475 733 3592 imprellus
746 3505 841 3562 cum
856 3481 1012 3591 impetu
1024 3483 1064 3562 vi
1087 3482 1276 3564 interiore
1296 3482 1493 3595 acqtrifito
1509 3481 1555 3563 in
1574 3485 1761 3568 eumdem

396 3621 551 3682 motum
572 3591 811 3709 conspirent.
858 3587 955 3696 Hoc
976 3623 1103 3676 unum
1126 3619 1317 3708 tanquam
1339 3590 1667 3681 manifestocom
1695 3629 1759 3681 er-

396 3737 614 3822 tumatque
627 3707 923 3824 deprehensum
935 3718 1131 3807 tenemus,
1145 3714 1255 3824 quod
1273 3715 1316 3794 in
1331 3710 1644 3824 longiorcmotu
1661 3627 1761 3798 ilua

291 3915 296 3924 ,
336 3899 340 3904 ,
395 3832 490 3911 novi
505 3821 679 3937 impertis
694 3821 913 3908 acccffione
932 3823 1121 3907 velocitas
1141 3853 1335 3936 augetur,
1361 3837 1403 3912 δι
1427 3831 1486 3926 vit
1505 3829 1759 3940 perculfionis

391 3941 453 4025 est
468 3943 604 4054 major.
625 4031 632 4048 ,
653 3941 771 4021 Hinc
792 3939 893 4022 ficut
915 3941 1079 4051 quando
1103 3939 1244 4024 fistuci
1263 3942 1436 4026 cadente
1459 3943 1537 4047 pali
1558 3943 1759 4028 interram

375 4057 759 4168 *adigunturstnitio
774 4053 839 4136 illa
851 4051 1059 4158 modicum
1072 4053 1287 4157 attollitur,
1302 4061 1398 4171 qula
1413 4055 1564 4169 exigua
1578 4055 1759 4172 superan-

388 4169 443 4254 da
457 4169 1002 4265 concurrerunhacaunm
1015 4168 1216 4254 crescente
1228 4168 1585 4286 quiraltitlsadatli
1597 4173 1757 4270 inerint,

388 4285 517 4396 tnagis
529 4283 821 4376 illaortolliturr
842 4282 1246 4394 srcrlignariosfabros
1260 4283 1419 4370 clavum
1431 4293 1485 4372 in
1502 4289 1680 4372 tabulam
1695 4295 1755 4372 in-

388 4399 706 4509 figentes,initio
717 4401 883 4514 quidem
895 4397 1223 4486 breviorernallei
1234 4425 1346 4486 motu
1360 4403 1418 4486 uti
1428 4404 1754 4518 videmunrquem

386 4513 578 4626 deinceps
592 4542 744 4624 augent
758 4573 769 4611 ,
785 4517 917 4598 donec
934 4515 1099 4599 demum
1117 4517 1202 4602 toti
1231 4517 1384 4632 brachij
1410 4520 1644 4604 extensrone
1662 4551 1752 4602 con-

384 4631 595 4726 nitantur,
620 4627 993 4746 prout.resrstentiae
1018 4635 1269 4720 incrementa
1286 4635 1481 4722 validiore
1509 4636 1751 4751 percullionc

1637 4779 1746 4838 vrncr
