3818 5264
243 309 248 317 ,
467 183 1282 344 ιῑιινμιωιειιιτιινι.
1460 199 1559 346 n,

46 452 49 462 ,
174 350 542 474 interest,quanto
552 377 703 440 conatu
717 345 936 462 subjectam
948 343 1135 433 tellurem
1152 377 1296 464 urgeat
1310 349 1438 442 modd
1459 369 1560 452 certi

173 475 303 560 fimus
328 475 383 561 de
412 470 533 558 fulcri
561 467 684 586 ipsius
711 465 912 552 firmitate.
957 463 1214 552 Caeteritmsr
1235 469 1384 586 tuipse
1410 469 1559 568 fustem

169 621 302 678 manu
317 619 461 675 tenens
476 592 632 699 cogaris
648 581 888 668 inclinatam
899 579 1131 668 columnam
1145 579 1350 686 sustinere,
1360 591 1559 703 punstum

167 735 314 794 antem
334 700 654 802 sustentationis,
676 704 741 784 eui
766 695 947 784 fulcrum
971 695 1232 812 applicatur,
1259 711 1387 818 magis
1407 701 1431 790 d
1459 705 1556 796 sub.

167 827 282 942 jecto
294 822 417 938 plano
428 819 574 920 distet,
597 817 664 907 vel
687 815 827 902 saltem
842 818 1099 914 nonminits,
1120 813 1245 931 quim
1259 847 1445 905 centrum
1461 850 1556 938 gra.

169 945 313 1026 vitatis
329 938 529 1024 tolumnae
551 997 563 1036 ,
586 936 803 1050 experieris
822 937 970 1016 minori
993 959 1143 1018 conatu
1164 961 1266 1048 opus
1286 929 1399 1034 else,
1424 939 1555 1026 srsul.

171 1086 293 1142 crum
306 1059 373 1140 axi
385 1051 584 1140 columnae
601 1045 935 1168 perpendiculare
955 1048 1033 1148 lit,
1057 1053 1130 1166 qui
1152 1047 1245 1134 srtus
1263 1049 1479 1167 respondet
1494 1087 1556 1144 re·

171 1175 352 1258 tentioni
380 1165 577 1287 parallelae
599 1165 721 1284 plano
748 1161 978 1264 inclinato,
1004 1171 1200 1280 majorem
1223 1163 1324 1252 verd
1350 1169 1554 1258 adhrlsen-

170 1291 274 1376 dum
289 1279 369 1373 else
382 1313 599 1385 conatum,
615 1283 644 1368 fi
660 1281 839 1370 fulcrum
852 1311 948 1366 cum
960 1281 1107 1368 eodem
1122 1309 1196 1366 axe
1209 1311 1376 1369 acutum
1392 1315 1463 1372 aut
1477 1288 1554 1375 ob-

171 1403 308 1490 tusum
336 1401 535 1516 angulum
561 1399 811 1492 constituatr
842 1396 890 1484 id
919 1398 1031 1514 quod
1057 1396 1233 1513 obliquis
1260 1399 1555 1492 elevationibus

20 1515 24 1522 ⁶
129 1510 144 1539 ‘¹
176 1515 405 1636 respondet.

230 1630 366 1742 ded
388 1633 416 1718 sr
437 1631 543 1720 infra
566 1658 754 1717 centrum
776 1633 987 1744 gravitatis
1010 1629 1236 1747 applicetur
1247 1635 1449 1734 fulcrum,
1469 1639 1554 1752 jam

170 1753 334 1838 constat
357 1749 439 1836 hoc
463 1755 521 1834 ita
537 1743 617 1833 else
642 1746 959 1854 collocandum,
984 1775 1032 1838 ut
1056 1752 1095 1839 ei
1121 1753 1230 1840 idem
1254 1781 1441 1840 centrum
1470 1759 1552 1840 im-

167 1871 367 1962 mineat,
408 1863 591 1980 alioquin
621 1893 693 1948 aut
730 1862 925 1952 columna
954 1890 1147 1966 corratet,
1176 1897 1247 1952 attt
1276 1865 1414 1954 multis
1452 1875 1551 1955 viri·-

170 1983 247 2069 bus
267 1981 345 2068 ribi
373 1979 707 2066 contendendum
728 1981 835 2078 erit,
860 2007 906 2066 ut
939 1979 1050 2066 illam
1076 1976 1270 2068 sustentes
1296 1982 1320 2068 d
1346 1979 1458 2098 lapsu
1480 2021 1492 2080 5
1522 1987 1551 2071 sr

167 2127 311 2184 tamen
342 2128 392 2182 ea
426 2097 473 2184 stt
497 2094 726 2210 complexio
755 2093 844 2181 tiam
867 2095 1178 2197 inclinationis,
1212 2099 1300 2186 clun
1325 2098 1453 2184 obicis
1478 2115 1550 2185 co·-

167 2213 321 2300 lumnae
370 2213 488 2298 edem
509 2217 720 2304 retinentis
735 2271 746 2308 ,
763 2241 816 2314 ne
829 2240 1039 2313 excurrat,
1063 2242 1134 2298 aut
1149 2212 1457 2316 elevetur,titm
1476 2245 1553 2332 po·

166 2241 467 2429 fitionisdtlcn',
487 2355 533 2412 ut
550 2326 806 2444 aliquatenus
820 2323 1004 2416 sustineri
1023 2327 1214 2417 columna
1224 2334 1351 2450 pollit,
1367 2359 1420 2416 ne
1433 2359 1550 2446 pror·

167 2443 232 2536 slis
252 2473 357 2530 ruat.
906 2512 911 2526 ,
1102 2500 1105 2508 ·

224 2564 312 2649 Sed
338 2561 534 2678 quonlam
563 2551 633 2646 hle
654 2554 854 2646 columna
883 2563 1040 2646 mentio
1056 2561 1239 2661 incidit,
1282 2560 1441 2678 praestat
1462 2563 1549 2650 ele-

164 2684 353 2766 vationes
380 2705 631 2792 corporum,
676 2705 765 2790 quae
804 2705 890 2761 non
915 2703 1001 2762 tota
1037 2677 1280 2776 elevantur,
1314 2678 1382 2767 sed
1406 2709 1550 2768 eorum

164 2795 295 2882 altera
316 2797 548 2880 extremitas
573 2790 753 2908 subjecto
778 2790 900 2877 alicui
927 2792 1060 2882 fulcro
1089 2821 1161 2878 aut
1187 2791 1313 2912 plano
1339 2799 1547 2898 innititur,

166 2912 294 2997 altera
311 2909 494 2995 elevatur
511 2933 582 2992 aut
596 2907 867 3024 suspenditur,
882 2909 1133 2994 considerare
1157 2949 1166 2994 r
1191 2913 1454 3022 nequeenim
1476 2911 1547 2998 hle

167 3027 395 3145 reputanda
415 3022 507 3109 sunt
518 3051 723 3110 momenta
745 3029 951 3136 gravitatis
970 3026 1166 3141 perinde,
1182 3055 1230 3108 ac
1251 3025 1279 3108 li
1302 3051 1439 3130 totum
1458 3057 1548 3111 cor·

167 3171 242 3260 pus
264 3143 491 3228 elevaretur
507 3167 578 3224 aut
596 3137 927 3256 suspenderetur,
955 3141 1299 3257 quemadmodum
1324 3137 1449 3255 pauld
1470 3153 1547 3230 a'n·

168 3289 207 3344 te
243 3257 493 3352 dicebatur,
520 3253 648 3342 immd
683 3253 781 3340 vere
809 3255 936 3370 longe
968 3261 1125 3341 minora
1158 3255 1250 3341 sunt
1280 3283 1354 3372 pro
1390 3263 1547 3346 ratione

166 3373 367 3462 distantiae
385 3369 409 3458 i
429 3385 570 3457 centro
590 3375 820 3484 gravitatis,
839 3400 885 3454 ut
907 3403 959 3458 ex
979 3372 1145 3460 inferiits
1160 3374 1345 3459 dicendis
1366 3431 1377 3472 ,
1399 3374 1469 3459 ubi
1492 3377 1546 3460 de

166 3491 396 3608 aequilibrio
413 3549 425 3586 ,
445 3515 568 3604 atque
585 3489 637 3574 de
651 3491 766 3574 velie
782 3485 909 3572 senno
929 3493 1031 3588 erit,
1054 3487 1265 3574 constabit.
1300 3489 1546 3576 Cavendum

166 3636 308 3692 autem
339 3605 570 3722 plurimum'
594 3602 653 3690 est
684 3604 736 3688 ab
768 3603 1197 3720 aequivocationibus,
1228 3633 1317 3720 qua:
1349 3603 1544 3721 obrepere

162 3719 354 3840 possunt,
371 3721 446 3805 nisr
471 3724 651 3806 animum
672 3719 856 3804 advertas
877 3722 930 3806 ad
946 3725 1210 3834 gravitatem,
1231 3719 1313 3805 sive
1333 3749 1545 3837 perrosum

163 3839 501 3954 longitudinem,
525 3865 614 3952 quae
640 3861 856 3932 movetur,
877 3865 948 3920 aut
964 3835 1018 3923 ad
1034 3866 1192 3922 motum
1213 3841 1372 3921 incitari
1396 3835 1544 3953 potest,

162 3953 379 4053 diffusam-3
398 3951 480 4038 srva
502 3953 613 4068 quast
629 3955 674 4038 in
693 3981 822 4036 unum
832 3947 1031 4067 punitum
1048 3953 1108 4039 ibi
1126 3951 1359 4051 collestam,
1376 3954 1445 4038 nbi
1461 3951 1543 4038 elo·
1562 3981 1569 3992 “

164 4104 265 4158 vans
291 4069 543 4186 applicatur,
561 4073 668 4156 utin
687 4072 827 4169 verte,
846 4097 917 4153 aut
936 4069 1038 4157 libral
1057 4105 1068 4166 3
1092 4071 1193 4156 hinc
1215 4075 1326 4154 enim
1345 4099 1429 4152 non
1449 4100 1541 4154 mo-

162 4189 258 4274 dica
279 4213 579 4272 momentorum
602 4184 852 4299 inaequalitas
870 4190 1008 4272 oritur.
1053 4191 1165 4274 Nam
1185 4187 1213 4270 sr
1235 4187 1387 4332 puncto
1408 4185 1540 4300 appli-

165 4308 335 4390 cationis
369 4299 607 4419 respondeat
634 4329 821 4385 centrum
845 4307 1051 4415 gravitatis
1076 4365 1089 4406 ,
1124 4301 1257 4386 multo
1278 4303 1456 4416 majores
1488 4303 1541 4390 ad

164 4420 445 4516 elevandum,
490 4445 561 4502 aut
593 4413 915 4532 suspendendum
945 4451 1094 4537 corpus
1129 4420 1392 4530 requiruntur
1423 4423 1542 4520 vires,

165 4531 289 4653 quim
308 4535 337 4620 ss
358 4561 547 4620 centrum
567 4538 774 4644 gravitatis
798 4529 821 4622 d
839 4538 995 4652 puseo
1016 4531 1293 4652 applicationis
1316 4534 1454 4651 aliquo
1474 4541 1541 4620 in-

164 4651 333 4742 ttrvallo
350 4647 596 4768 sejungatur,
766 4749 769 4756 ¹
1531 4695 1539 4764 ς
