3808 5262
343 194 454 346 25⁶
696 307 699 318 ,
818 183 1237 310 Methanicortim
1377 262 1381 272 ·

339 343 530 482 signeum
543 351 690 474 prisma
711 352 799 444 Ac
821 384 935 474 aquae
954 359 1209 470 imponatur,
1226 359 1270 437 δι
1288 349 1553 466 immergatur
1576 355 1631 440 ita
1650 417 1663 454 ‚
1686 381 1736 444 nt

347 511 438 602 pars
460 473 640 592 demersa
658 487 702 564 δι
719 473 891 560 levitens
908 475 956 560 stt
974 475 1006 558 E
1021 471 1086 567 C,
1105 495 1194 584 pars
1220 460 1321 550 vero
1344 493 1486 552 extans
1508 475 1551 552 in
1571 481 1665 555 ae're
1688 481 1733 560 dc

341 631 346 672 ι
999 590 1205 700 gravitans
1218 581 1377 680 srtAF,
1390 607 1578 668 centrum
1592 589 1733 700 gravi·

1002 701 1093 784 tatis
1108 695 1167 784 est
1198 699 1265 794 G,
1283 724 1470 782 centrum
1483 699 1658 788 levitatis
1674 699 1737 790 est

1003 815 1075 916 H,
1096 841 1186 930 quae
1208 814 1282 898 sabi
1303 812 1457 898 directe
1485 813 1738 902 advernntia

1004 934 1048 1016 in
1096 929 1296 1046 opposrtar
1350 955 1481 1044 partes
1535 959 1738 1019 conantur

1003 1047 1224 1162 aequalibus
1252 1044 1405 1132 vitibus
1423 1105 1434 1144 ,
1455 1075 1578 1164 atque
1610 1075 1734 1162 prop-

852 1261 874 1284 ..
1002 1190 1114 1247 terea
1167 1159 1302 1248 nullus
1357 1157 1537 1276 seqnitur
1587 1191 1735 1248 motus.

1005 1272 1186 1395 Qiddsr
1212 1304 1284 1362 aut
1309 1277 1356 1360 H
1377 1279 1584 1364 recederet
1600 1275 1738 1366 versus

1003 1397 1073 1490 D,
1091 1419 1162 1478 aut
1181 1395 1222 1478 G
1237 1389 1373 1482 tersus
1388 1399 1441 1492 B,
1459 1403 1502 1482 dt
1517 1395 1600 1481 hoc
1611 1391 1740 1508 posset

839 1605 842 1612 ⁴
1003 1505 1285 1606 descendere,
1322 1518 1366 1594 dt
1390 1507 1493 1596 iliud
1521 1506 1740 1596 ascendere

407 1710 411 1719 ,
938 1657 945 1664 ·
1006 1653 1152 1712 neutro
1170 1651 1482 1720 contranitente.

430 1737 512 1838 lam
550 1737 652 1828 reri>
693 1739 918 1858 quiescenti
954 1739 1130 1855 prismati
1157 1745 1388 1857 imponatur
1429 1740 1596 1857 aliquod
1636 1769 1740 1858 pon-

355 1859 465 1956 dus,
503 1885 661 1944 certum
689 1855 750 1942 est
784 1885 940 1974 partem
964 1860 1009 1940 in
1034 1869 1129 1943 ae're
1162 1883 1399 1954 extantem,
1429 1857 1649 1944 conflatam
1685 1886 1741 1942 ex

361 2001 474 2090 parte
505 1970 699 2088 prismatis
730 1981 774 2059 δε
806 2003 857 2060 ex
880 1970 1019 2058 addito
1045 1971 1260 2088 pondere,
1285 1973 1512 2088 graviorem
1539 1968 1652 2068 eise,
1689 1998 1741 2056 ac

360 2089 533 2206 proinde
557 2087 771 2204 praevalere
800 2087 953 2176 vitibus
981 2093 1105 2203 partit
1132 2092 1177 2172 in
1195 2097 1301 2202 aqud
1330 2085 1571 2187 levitantis,
1604 2083 1741 2172 illam-

360 2232 443 2318 que
475 2204 702 2319 deprimere
732 2263 745 2302 ,
776 2198 1039 2318 quoadusque
1069 2203 1139 2290 fiat
1169 2202 1375 2316 aequtlitas
1403 2206 1508 2290 inter
1532 2203 1743 2289 levitatem

359 2329 405 2406 8(
439 2325 691 2430 gravitatem.
743 2320 823 2406 Sed
857 2308 1037 2408 multum
1064 2318 1267 2420 interest,
1304 2316 1440 2406 utrium
1468 2319 1595 2406 additi
1631 2347 1742 2434 pon-

354 2434 467 2520 deris
487 2461 675 2522 centtum
699 2438 966 2549 gravitatum
984 2435 1131 2522 eodem
1150 2433 1441 2551 perpendiculo
1463 2433 1513 2518 fit
1528 2463 1624 2520 etun
1637 2461 1741 2518 cen-

366 2561 431 2634 tro
459 2554 665 2664 gravitatis
696 2551 772 2651 G,
797 2577 844 2635 ut
868 2545 973 2636 redd
992 2551 1241 2666 depfunatur
1268 2545 1412 2664 prisma
1435 2550 1542 2642 infra
1570 2548 1744 2666 superfi-

355 2670 473 2750 ciem
507 2695 622 2781 aquae
657 2703 669 2762 t
703 2696 757 2751 an
790 2661 893 2752 vead
923 2666 971 2751 sat
999 2661 1114 2754 extri
1143 2664 1244 2752 illud
1274 2665 1611 2780 perpendiculum
1646 2698 1659 2760 3
1698 2667 1745 2756 id
1776 2715 1787 2734 ·

396 2780 479 2866 uod
497 2781 722 2882 sinecidat,
738 2809 956 2868 commune
973 2810 1161 2867 centrum
1173 2787 1382 2893 gravitatis
1400 2782 1635 2866 transfertur
1651 2812 1747 2868 vet·

358 2811 600 2995 stradam
621 2902 662 2980 B.
705 2901 765 2982 Sit
784 2927 849 2984 ex.
866 2925 925 3010 gt.
953 2899 1208 3012 adpatterA
1230 2895 1359 3013 prope
1388 2901 1640 3014 Stcumqoe
1655 2927 1744 2986 non

366 3015 577 3099 immineat
592 3015 744 3134 pundo
756 3015 801 3098 H
814 3039 956 3100 centro
967 3011 1380 3112 levitatir,·descendit
1390 3011 1532 3130 prisma
1545 3017 1598 3098 ad
1608 3041 1746 3130 partes

369 3133 495 3228 Aa&
510 3129 690 3244 opposta
702 3159 791 3248 pars
803 3123 1005 3229 ascendit,
1016 3133 1130 3226 itaut
1143 3132 1175 3214 E
1190 3126 1555 3245 deprimatutinfti
1572 3126 1743 3246 superfi-

371 3248 477 3330 ciem
496 3273 610 3360 aquae
625 3252 686 3344 ,1²
711 3239 811 3334 verd
825 3273 1017 3360 emergat.
1066 3246 1147 3334 Sed
1162 3247 1263 3331 dum
1280 3247 1332 3332 ad
1347 3273 1478 3364 partes
1492 3248 1579 3334 CF
1597 3243 1746 3362 prisma

359 3363 544 3472 emergit
556 3358 734 3484 exaqud,
833 3361 1748 3477 attesaueemDEdeprimitur,eeuttumlev1·

361 3478 764 3564 itatisnonmanetin
825 3474 965 3574 ,sedad
978 3483 1172 3596 majorem
1183 3505 1338 3598 partem
1347 3471 1567 3592 depressam
1577 3475 1743 3579 secedit,

323 3651 338 3678 t
363 3589 505 3676 ‘donec
524 3591 593 3676 fiat
607 3599 783 3710 V‚atque
794 3595 993 3688 incudem
1002 3591 1269 3712 perpedieulo
1280 3593 1327 3677 fit
1340 3621 1434 3679 cum
1447 3621 1589 3680 centro
1604 3599 1743 3706 gravi-

371 3707 465 3790 tatis
486 3711 531 3800 ss
547 3717 589 3794 δι
604 3737 703 3795 tune
720 3711 891 3826 quiescit
907 3705 1075 3828 prisma,
1095 3739 1172 3796 nce
1185 3707 1355 3826 amplius
1366 3706 1617 3822 demergitur
1630 3715 1675 3796 in
1695 3711 1744 3812 E,

367 3849 446 3906 out
462 3828 636 3940 emergit
647 3856 699 3913 ex
718 3832 746 3914 F
751 3823 991 3913 .Sustinetut
1001 3831 1140 3942 itaque
1157 3853 1343 3910 centrum
1355 3829 1598 3936 gravitatisS
1615 3823 1748 3914 dcen-

372 3966 437 4022 tro
451 3935 626 4024 levitatis
644 3945 698 4038 V,
710 3949 753 4028 δι
768 3941 932 4028 riciffim
951 3969 1137 4036 centrum
1155 3940 1329 4028 levitatis
1343 3947 1382 4028 V
1396 3945 1594 4028 retinetur
1608 3935 1632 4028 ai
1644 3971 1749 4030 cen·

217 4140 229 4148 ,
367 4081 438 4138 tro
459 4057 665 4166 gravitatis
686 4061 736 4150 Sa
753 4066 795 4142 &
810 4055 857 4140 fit
866 4055 955 4144 tiun
968 4054 1076 4146 inter
1083 4054 1423 4170 gravitateetnm
1441 4061 1549 4142 inter
1560 4060 1747 4152 levitates

262 4245 289 4256 ,
367 4197 407 4252 at
439 4167 784 4286 uilibrium‚quia
803 4177 976 4284 gravitas
994 4179 1037 4258 in
1058 4169 1749 4290 Amajorminitsdistatipundo,

263 4375 271 4385 ,
373 4195 440 4368 vd
456 4283 627 4399 potiusd
645 4286 753 4372 linei
764 4285 1058 4374 sustentationis
1074 4289 1176 4376 faoi
1194 4287 1352 4404 dplano
1365 4283 1595 4378 transeunte
1605 4319 1677 4406 per
1689 4297 1749 4390 V,

373 4407 418 4486 &
438 4403 612 4511 gravitas
628 4407 672 4489 in
688 4408 1004 4518 Bminormagis
1019 4404 1140 4490 distat
1152 4441 1161 4495 r
1175 4402 1355 4522 idcdque
1369 4433 1513 4492 neutra
1530 4405 1744 4524 praevalet:

370 4523 416 4600 ἃ
437 4513 614 4602 similiter
631 4519 772 4605 levitas
790 4521 835 4602 in
851 4521 939 4605 DE
958 4519 1229 4625 majorminits
1240 4519 1362 4618 distat
1378 4517 1402 4602 i
1419 4520 1748 4612 lineddetentioa

368 4633 432 4718 nie
449 4627 553 4722 fasta
569 4627 728 4754 dplano
730 4631 967 4752 transeunte
985 4665 1059 4756 pet
1075 4641 1099 4723 S
1113 4695 1126 4742 ‚
1140 4665 1188 4724 ac
1201 4635 1343 4725 levitas
1355 4638 1489 4726 minor
1501 4637 1599 4728 in'C
1614 4643 1748 4840 msqgis

1449 4841 1453 4848 ,
1595 4757 1639 4844 di
1675 4781 1740 4852 atr
