3834 5272
190 102 194 111 .
369 273 376 284 ἑ
501 148 879 272 libertertius.
925 156 1141 272 CAPUT
1177 170 1347 282 Vlll.
1508 180 1603 328 3'03

85 345 90 352 ’
227 321 260 408 Ε
274 323 316 409 G
328 353 339 417 ς
352 310 456 404 'tunc
468 309 665 439 affumpto
675 307 935 429 aequipondio
952 315 999 399 H
1013 345 1121 402 notae
1138 331 1366 434 gravitatis,
1382 336 1506 428 debet
1521 349 1608 434 fieri

223 447 275 522 ¹ut
290 438 453 553 pondus
468 437 514 530 H
532 435 584 520 ad
597 432 758 546 pondus
776 431 864 518 FG
876 429 1081 520 excelsum
1094 433 1211 552 supral
1222 445 1287 543 id,
1308 457 1419 562 quod
1432 469 1605 578 requiri.

223 581 292 639 tur
306 557 357 640 ad
372 550 642 668 aequilibrium
669 609 680 647 ,
707 552 764 629 ita
785 545 974 644 distantia
991 555 1078 636 AC
1095 559 1147 638 ad
1159 556 1270 646 aliud
1296 593 1358 650 ex.
1372 593 1431 680 gr.
1449 579 1539 664 CI:
1561 593 1603 674 &
1701 654 1705 660 .

220 701 276 756 ex
295 677 312 756 Ι
329 673 491 754 initium
505 665 661 752 sumere
673 661 797 753 debet
809 665 953 748 divisao
965 669 1245 758 transferendo
1264 677 1308 761 in
1330 681 1491 800 longius
1511 699 1602 784 bra.

153 829 166 842 =
220 789 391 883 chium,
408 796 448 872 ὅ(
463 783 649 868 iterando
663 781 893 866 distantiam
913 783 1002 868 CA
1019 787 1096 884 ita,
1113 811 1157 870 nt
1176 793 1265 876 AC
1282 791 1510 912 aqualid'llt
1530 819 1602 932 ipfi

221 900 597 992 1N2s1eniminG
614 898 787 984 addatur
805 925 964 983 tantum
983 907 1152 1003 mercis,
1172 910 1285 1016 cujus
1307 929 1480 1026 gravitas
1499 927 1602 1019 GM

218 1021 332 1108 fitad
347 1017 652 1134 aequipondium
669 1017 740 1113 H,
768 1042 812 1096 ut
825 1019 849 1104 ΙΙ
862 1019 907 1100 Ν
922 1016 975 1100 ad
992 1020 1092 1118 AC,
1108 1021 1178 1104 fiet
1192 1027 1234 1106 in
1253 1029 1298 1108 N
1315 1021 1598 1147 aequilibrium,

219 1143 335 1252 Qia
353 1133 504 1220 scilicet
519 1160 572 1217 ut·
584 1138 614 1216 F
627 1131 667 1212 G
687 1127 861 1242 gravitas
877 1132 927 1216 ad
944 1139 1184 1245 gravitatem
1198 1143 1273 1242 H,
1287 1148 1344 1230 ita
1360 1154 1424 1238 lC
1442 1159 1597 1248 disten.

217 1253 277 1338 tia
296 1251 353 1336 ad
370 1247 601 1336 distantiam
619 1249 704 1332 CA
727 1277 779 1358 ex
798 1245 1096 1334 construstione
1120 1290 1132 1348 3
1157 1267 1201 1346 δι
1221 1287 1267 1342 ut
1289 1271 1462 1374 gravitas
1479 1279 1525 1363 Η
1537 1285 1598 1371 'ad

216 1369 460 1484 gravitatem
475 1367 516 1451 G
529 1367 602 1462 M,
614 1363 672 1448 lta
688 1365 774 1448 CA
790 1361 981 1448 distantia
1000 1367 1051 1452 ad
1064 1367 1295 1484 distantiam
1316 1385 1388 1466 IN
1411 1421 1425 1480 ,·
1447 1399 1524 1477 erit
1544 1421 1596 1488 ex

217 1482 446 1602 aequalitate
474 1511 546 1599 per
564 1517 626 1567 22.
644 1479 756 1590 lib.5.
776 1508 822 1563 ut
845 1485 1021 1590 gravitas
1037 1485 1457 1602 FG'ad'gravit'at'em
1478 1511 1518 1593 G
1530 1513 1594 1616 M,

214 1607 275 1686 ita
285 1598 474 1696 distantia
489 1603 526 1684 C
540 1605 560 1684 1
576 1597 627 1683 ad
639 1595 870 1722 distantiam
889 1601 960 1682 IN
974 1632 985 1692 ς
1000 1600 1109 1714 Ergo
1121 1617 1427 1722 componendo,
1442 1648 1515 1736 per
1529 1639 1593 1716 18,

212 1719 328 1824 lib.5.
349 1715 557 1828 utFMad
578 1713 701 1811 GM,
722 1727 780 1795 lea
801 1715 896 1798 CN
914 1714 966 1799 ad
984 1717 1169 1811 INxsed
1184 1754 1229 1807 ut
1252 1729 1351 1812 GM
1372 1735 1423 1818 ad
1442 1743 1510 1842 Η,
1535 1751 1593 1830 lta

212 1837 291 1924 IN
307 1833 358 1916 ad
374 1833 458 1916 CA
477 1859 528 1915 ex
542 1825 781 1943 hypothefi's
795 1826 986 1940 igiturex
1002 1835 1228 1948 aequalitate
1245 1870 1290 1925 ut
1307 1848 1398 1930 PM
1417 1865 1591 1964 gravitas

209 1953 266 2036 ad
277 1943 517 2061 gravitatem
534 1949 604 2043 H,
619 1947 676 2030 ita
697 1945 734 2029 C
752 1948 794 2030 N
809 1943 997 2029 distantia
1017 1949 1068 2032 ad
1081 1951 1312 2042 distantiam
1331 1965 1429 2054 CA.
1480 1975 1591 2065 Clxn
1719 2018 1723 2032 ·

208 2071 352 2180 itaque
363 2064 543 2180 pondera
559 2061 696 2148 addita
708 2056 811 2146 ultral
826 2059 1124 2178 aequilibrium,
1144 2075 1255 2184 quod
1265 2077 1403 2166 addita
1413 2096 1590 2196 gravita-

207 2211 254 2269 te
278 2185 347 2266 EF
375 2180 421 2266 fit
436 2189 480 2262 in
499 2181 539 2264 C
558 2171 1014 2292 punuosuspenfionis,
1034 2181 1112 2265 fint
1129 2183 1173 2268 in
1191 2191 1368 2278 Ratione
1380 2207 1589 2318 reciprocd

204 2295 489 2386 distantiarum
503 2291 527 2380 al
542 2293 671 2410 sparto
684 2293 721 2376 C
734 2356 745 2389 ,
757 2289 978 2420 uccell'arid
994 2293 1175 2412 sequitur
1187 2307 1457 2419 aequilibrium
1473 2325 1514 2406 in
1528 2329 1586 2410 N.

205 2417 325 2503 Idem
348 2413 571 2498 dicendum
585 2411 638 2496 de
656 2435 809 2493 caeterxs
830 2411 1024 2526 deinceps
1045 2420 1205 2528 punclis
1223 2422 1408 2514 iterando
1429 2435 1584 2524 distan-

135 2596 142 2604 .
204 2537 309 2622 tiam
324 2535 342 2614 Ι
356 2533 424 2628 Ν’,
442 2553 563 2643 prout
579 2525 734 2640 brachij
752 2523 967 2638 longitudo
978 2527 1081 2616 ferre
1095 2537 1249 2646 potest,
1270 2569 1363 2626 nam
1378 2549 1584 2666 duplicatd

199 2643 398 2740 distantid
410 2650 433 2746 1
446 2649 511 2744 N,
531 2645 680 2760 poterit
692 2645 736 2728 in
753 2643 902 2730 Gaddi
915 2647 1089 2757 gravitas
1104 2650 1227 2768 dupla
1238 2657 1444 2770 gravitatis
1456 2677 1584 2788 aqui·

235 2765 348 2850 ondi'
372 2765 433 2845 H.
816 2787 821 2798 '

200 2797 233 2886 P
264 2791 391 2994 Qlad
404 2877 432 2960 s1
446 2871 613 2964 denalun
628 2903 759 2989 partes
775 2872 926 2962 minori
948 2875 1118 2964 brachio
1140 2887 1229 2972 CA
1248 2871 1478 3004 adjacentes
1495 2932 1581 2989 non

195 2993 330 3093 effent
357 3021 477 3077 tantae
505 2997 740 3106 gravitatis,
770 3019 816 3074 ut
842 2993 957 3076 fieret
974 3025 1070 3080 cum
1092 2997 1277 3112 longiore
1303 3005 1471 3098 brachio
1501 3021 1579 3105 CB

194 3109 498 3230 aequilibrium,
516 3107 901 3225 quemadmodumsx
920 3106 1046 3194 ellent
1060 3144 1105 3198 ut
1120 3119 1202 3200 ΟΕ
1220 3122 1270 3204 ad
1286 3123 1317 3204 Ε
1333 3127 1369 3209 A
1383 3123 1578 3223 semissem

193 3229 409 3346 gravitatis
420 3217 576 3338 brac'hij
588 3223 754 3308 minoris
765 3259 776 3318 5
788 3217 928 3340 primd·
939 3224 1126 3332 observa,
1141 3260 1340 3348 quantum
1362 3244 1464 3327 defit
1481 3277 1574 3362 gra-

192 3349 358 3442 vitatis,
373 3370 419 3426 ut
434 3342 503 3427 fiat
515 3338 810 3454 aequilibrium,
825 3337 978 3427 scilic'et
992 3343 1038 3427 fit
1055 3354 1257 3462 quantitas
1277 3357 1380 3455 OF,
1393 3389 1482 3476 qua:
1497 3396 1575 3480 po-·

191 3491 319 3548 natur
330 3456 463 3543 minor
475 3456 671 3570 gravitate
686 3455 932 3574 aquipondij
946 3459 992 3542 H
1006 3497 1014 3542 :
1029 3463 1282 3577 intelligatur
1293 3471 1429 3588 itaque
1442 3487 1573 3591 gravi·

190 3609 258 3666 tas
270 3575 431 3692 aequalis
442 3571 630 3687 gravitati
643 3573 890 3690 aequipondij
912 3575 984 3673 H,
1003 3583 1045 3684 ἃ
1062 3578 1109 3660 s1t
1121 3579 1299 3667 excellus
1315 3593 1344 3675 F
1359 3591 1413 3675 G.
1433 3601 1573 3716 Qxare

185 3697 313 3780 ficuti
337 3689 460 3808 pauld
483 3685 579 3775 ante
601 3687 838 3789 dicebatur,
861 3693 934 3808 fiae
952 3719 998 3772 ut
1009 3697 1170 3808 pondus
1196 3699 1243 3782 H
1263 3703 1313 3786 ad
1330 3708 1572 3818 gravitatem

184 3811 277 3902 fG
292 3808 370 3908 ,ita
387 3807 539 3892 ACad
560 3809 649 3904 CI,
664 3805 797 3894 &erit
815 3811 833 3890 l
851 3804 1180 4005 punYumthuo
1193 3816 1425 3932 incipienda
1437 3825 1494 3911 ell
1507 3829 1569 3913 di·
1592 3836 1595 3842 ’

182 3927 293 4018 vifio
303 3921 412 4040 jugi,
425 3922 482 4006 ita
500 3951 636 4007 tamen
654 3923 817 4010 utfauo
828 3923 947 4040 aequil
965 3921 1053 4010 buo
1069 3927 1113 4012 in
1130 3933 1149 4015 Ι
1166 3929 1418 4046 intelligatur
1432 3942 1571 4032 addita

179 4055 304 4134 merx
317 4037 478 4160 aqualis
488 4044 695 4157 gravitatis
709 4071 806 4126 cum
818 4045 1146 4169 aequipopdlpld
1159 4109 1170 4146 ,
1184 4059 1224 4137 δι
1239 4055 1316 4134 erit
1333 4083 1395 4137 ex.
1406 4083 1464 4168 gr.
1480 4066 1578 4171 pri:

180 4159 385 4250 malibra.
433 4151 854 4243 AtverdfiOEtam
874 4159 1036 4245 modxca
1058 4163 1360 4276 gravitasell'et,
1380 4197 1427 4255 ut
1441 4175 1566 4266 etiam
1708 4249 1709 4252 a
1831 4167 1837 4182 ’

177 4278 325 4366 addita
338 4275 512 4390 gravitas
530 4271 694 4388 aqualis
720 4279 908 4387 gravitati
933 4275 1141 4364 sacomatis
1162 4283 1230 4379 H,
1255 4283 1437 4372 nondum
1453 4293 1563 4378 adae-

176 4419 331 4512 quaret
352 4386 593 4505 gravitatem
623 4393 715 4488 EF,
730 4392 902 4478 addatur
918 4393 1096 4510 duplex,
1118 4396 1290 4510 triplex,
1312 4403 1565 4524 quadruplex
1708 4487 1710 4496 ,
1751 4493 1757 4500 ,

176 4513 363 4626 gravitas
385 4493 592 4592 sacomatis
620 4509 666 4594 H
691 4507 773 4606 ita,
796 4537 843 4591 ut
855 4508 1023 4594 demum
1044 4513 1217 4636 excedat
1233 4521 1471 4626 gravitatem
1488 4527 1565 4614 EF

173 4619 448 4718 neceffariam
456 4625 507 4713 ad
517 4621 788 4742 aequilibrium
798 4654 894 4716 cum
902 4621 985 4714 solo
993 4625 1163 4716 brach10
1172 4625 1381 4747 longiore5
1394 4665 1482 4845 tutp
1495 4641 1567 4780 fiae

340 4775 347 4786 ‘
566 4788 572 4802 '
1477 4782 1564 4846 cuti
