<?xml version="1.0" encoding="UTF-8"?>
<!DOCTYPE html PUBLIC "-//W3C//DTD XHTML 1.0 Transitional//EN"
    "http://www.w3.org/TR/xhtml1/DTD/xhtml1-transitional.dtd">
<html xmlns="http://www.w3.org/1999/xhtml" xml:lang="en" lang="en">
 <head>
  <title>
</title>
<meta http-equiv="Content-Type" content="text/html;charset=utf-8" />
  <meta name='ocr-system' content='tesseract 3.04.00' />
  <meta name='ocr-capabilities' content='ocr_page ocr_carea ocr_par ocr_line ocrx_word'/>
</head>
<body>
  <div class='ocr_page' id='page_1' title='image "./rppaulicasatipl00casagoog_0478.png"; bbox 0 0 3766 5270; ppageno 0'>
   <div class='ocr_carea' id='block_1_1' title="bbox 427 145 1550 332">
    <p class='ocr_par' dir='ltr' id='par_1_1' title="bbox 427 119 1550 332">
     <span class='ocr_line' id='line_1_1' title="bbox 427 145 1550 332; baseline 0.002 -50"><span class='ocrx_word' id='word_1_1' title='bbox 427 169 839 326; x_wconf 49' lang='lat' dir='ltr'><strong>*Liberquartua</strong></span> <span class='ocrx_word' id='word_1_2' title='bbox 886 145 1288 288; x_wconf 74' lang='lat' dir='ltr'><strong>Carurxl‘v.</strong></span> <span class='ocrx_word' id='word_1_3' title='bbox 1400 255 1403 272; x_wconf 81' lang='lat'><em>-</em></span> <span class='ocrx_word' id='word_1_4' title='bbox 1445 224 1550 332; x_wconf 74' lang='lat'><strong>455·</strong></span> 
     </span>
    </p>
   </div>
   <div class='ocr_carea' id='block_1_2' title="bbox 52 331 1664 4742">
    <p class='ocr_par' dir='ltr' id='par_1_2' title="bbox 151 331 1630 1494">
     <span class='ocr_line' id='line_1_2' title="bbox 160 331 1628 450; baseline 0.006 -25"><span class='ocrx_word' id='word_1_5' title='bbox 160 335 369 448; x_wconf 85' lang='lat' dir='ltr'><strong>moehlij,</strong></span> <span class='ocrx_word' id='word_1_6' title='bbox 395 361 559 432; x_wconf 85' lang='lat' dir='ltr'><strong>remex,</strong></span> <span class='ocrx_word' id='word_1_7' title='bbox 584 339 655 448; x_wconf 88' lang='lat' dir='ltr'><strong>qui</strong></span> <span class='ocrx_word' id='word_1_8' title='bbox 672 335 714 414; x_wconf 93' lang='lat' dir='ltr'><strong>in</strong></span> <span class='ocrx_word' id='word_1_9' title='bbox 733 331 902 449; x_wconf 84' lang='lat' dir='ltr'><strong>dextero</strong></span> <span class='ocrx_word' id='word_1_10' title='bbox 918 334 1033 416; x_wconf 88' lang='lat' dir='ltr'><strong>navis</strong></span> <span class='ocrx_word' id='word_1_11' title='bbox 1046 332 1172 426; x_wconf 83' lang='lat' dir='ltr'><strong>latere</strong></span> <span class='ocrx_word' id='word_1_12' title='bbox 1197 339 1389 450; x_wconf 80' lang='lat' dir='ltr'>remigat,</span> <span class='ocrx_word' id='word_1_13' title='bbox 1405 339 1551 434; x_wconf 84' lang='lat' dir='ltr'><strong>secun·-</strong></span> <span class='ocrx_word' id='word_1_14' title='bbox 1623 431 1628 440; x_wconf 89' lang='grc'><em>,</em></span> 
     </span>
     <span class='ocr_line' id='line_1_3' title="bbox 156 443 1551 566; baseline 0.004 -28"><span class='ocrx_word' id='word_1_15' title='bbox 156 457 274 542; x_wconf 79' lang='lat' dir='ltr'><strong>ditm</strong></span> <span class='ocrx_word' id='word_1_16' title='bbox 287 456 411 538; x_wconf 73' lang='lat' dir='ltr'><strong>vedis</strong></span> <span class='ocrx_word' id='word_1_17' title='bbox 434 479 619 534; x_wconf 88' lang='lat' dir='ltr'><strong>naturam</strong></span> <span class='ocrx_word' id='word_1_18' title='bbox 638 478 779 532; x_wconf 85' lang='lat' dir='ltr'><strong>arcum</strong></span> <span class='ocrx_word' id='word_1_19' title='bbox 796 443 987 533; x_wconf 88' lang='lat' dir='ltr'><strong>desciibit</strong></span> <span class='ocrx_word' id='word_1_20' title='bbox 1000 449 1052 536; x_wconf 87' lang='lat' dir='ltr'><strong>ad</strong></span> <span class='ocrx_word' id='word_1_21' title='bbox 1069 452 1276 564; x_wconf 86' lang='lat' dir='ltr'><strong>dexteram</strong></span> <span class='ocrx_word' id='word_1_22' title='bbox 1295 455 1551 566; x_wconf 83' lang='lat' dir='ltr'><strong>inclinatum,</strong></span> 
     </span>
     <span class='ocr_line' id='line_1_4' title="bbox 156 563 1630 688; baseline 0.007 -32"><span class='ocrx_word' id='word_1_23' title='bbox 156 573 208 658; x_wconf 89' lang='lat' dir='ltr'><strong>id</strong></span> <span class='ocrx_word' id='word_1_24' title='bbox 231 571 348 688; x_wconf 84' lang='lat' dir='ltr'><strong>quod</strong></span> <span class='ocrx_word' id='word_1_25' title='bbox 371 571 523 682; x_wconf 85' lang='lat' dir='ltr'><strong>pariter</strong></span> <span class='ocrx_word' id='word_1_26' title='bbox 546 570 751 679; x_wconf 88' lang='lat' dir='ltr'><strong>contingit</strong></span> <span class='ocrx_word' id='word_1_27' title='bbox 775 563 932 650; x_wconf 83' lang='lat' dir='ltr'><strong>sinistro</strong></span> <span class='ocrx_word' id='word_1_28' title='bbox 950 569 1097 678; x_wconf 81' lang='lat' dir='ltr'><strong>&#39;remigi</strong></span> <span class='ocrx_word' id='word_1_29' title='bbox 1125 599 1264 654; x_wconf 86' lang='lat' dir='ltr'><strong>arcum</strong></span> <span class='ocrx_word' id='word_1_30' title='bbox 1288 571 1554 668; x_wconf 79' lang='lat' dir='ltr'><strong>sinistrorsum</strong></span> <span class='ocrx_word' id='word_1_31' title='bbox 1620 638 1630 652; x_wconf 84' lang='lat'>-</span> 
     </span>
     <span class='ocr_line' id='line_1_5' title="bbox 155 681 1547 810; baseline 0.004 -36"><span class='ocrx_word' id='word_1_32' title='bbox 155 681 415 774; x_wconf 84' lang='lat' dir='ltr'><strong>describenti</strong></span> <span class='ocrx_word' id='word_1_33' title='bbox 428 721 437 766; x_wconf 72' lang='grc' dir='ltr'><strong><em>ε</em></strong></span> <span class='ocrx_word' id='word_1_34' title='bbox 452 687 564 770; x_wconf 89' lang='lat' dir='ltr'><strong>Cum</strong></span> <span class='ocrx_word' id='word_1_35' title='bbox 576 711 714 774; x_wconf 86' lang='lat' dir='ltr'><strong>autem</strong></span> <span class='ocrx_word' id='word_1_36' title='bbox 723 685 838 766; x_wconf 86' lang='lat' dir='ltr'><strong>navis</strong></span> <span class='ocrx_word' id='word_1_37' title='bbox 850 711 936 764; x_wconf 89' lang='lat' dir='ltr'><strong>non</strong></span> <span class='ocrx_word' id='word_1_38' title='bbox 947 682 1019 766; x_wconf 83' lang='lat' dir='ltr'><strong>nist</strong></span> <span class='ocrx_word' id='word_1_39' title='bbox 1033 687 1155 768; x_wconf 89' lang='lat' dir='ltr'><strong>unico</strong></span> <span class='ocrx_word' id='word_1_40' title='bbox 1167 713 1281 770; x_wconf 88' lang='lat' dir='ltr'><strong>motu</strong></span> <span class='ocrx_word' id='word_1_41' title='bbox 1291 699 1442 778; x_wconf 90' lang='lat' dir='ltr'><strong>moveri</strong></span> <span class='ocrx_word' id='word_1_42' title='bbox 1454 695 1547 810; x_wconf 84' lang='lat' dir='ltr'><strong>pos-</strong></span> 
     </span>
     <span class='ocr_line' id='line_1_6' title="bbox 152 797 1558 901; baseline 0.007 -15"><span class='ocrx_word' id='word_1_43' title='bbox 152 804 303 901; x_wconf 52' lang='grc' dir='ltr'><strong>,ἧμας</strong></span> <span class='ocrx_word' id='word_1_44' title='bbox 314 799 548 896; x_wconf 78' lang='lat' dir='ltr'><strong>hisduobus</strong></span> <span class='ocrx_word' id='word_1_45' title='bbox 560 797 822 884; x_wconf 85' lang='lat' dir='ltr'><strong>circularibus</strong></span> <span class='ocrx_word' id='word_1_46' title='bbox 835 798 906 882; x_wconf 80' lang='lat' dir='ltr'><strong>fibi</strong></span> <span class='ocrx_word' id='word_1_47' title='bbox 918 797 1219 886; x_wconf 76' lang='lat' dir='ltr'><strong>adversantibus</strong></span> <span class='ocrx_word' id='word_1_48' title='bbox 1232 801 1392 890; x_wconf 88' lang='lat' dir='ltr'><strong>resultat</strong></span> <span class='ocrx_word' id='word_1_49' title='bbox 1405 816 1558 896; x_wconf 83' lang='lat' dir='ltr'><strong>tertius</strong></span> 
     </span>
     <span class='ocr_line' id='line_1_7' title="bbox 155 911 1547 1039; baseline 0.003 -33"><span class='ocrx_word' id='word_1_50' title='bbox 155 920 353 1014; x_wconf 86' lang='lat' dir='ltr'><strong>medius,</strong></span> <span class='ocrx_word' id='word_1_51' title='bbox 383 915 536 1002; x_wconf 88' lang='lat' dir='ltr'><strong>scilicet</strong></span> <span class='ocrx_word' id='word_1_52' title='bbox 562 919 722 1015; x_wconf 72' lang='lat' dir='ltr'><strong>rectus,</strong></span> <span class='ocrx_word' id='word_1_53' title='bbox 745 919 817 1030; x_wconf 91' lang='lat' dir='ltr'><strong>qui</strong></span> <span class='ocrx_word' id='word_1_54' title='bbox 840 911 1011 1028; x_wconf 84' lang='lat' dir='ltr'><strong>proinde</strong></span> <span class='ocrx_word' id='word_1_55' title='bbox 1033 944 1167 1001; x_wconf 89' lang='lat' dir='ltr'><strong>tantus</strong></span> <span class='ocrx_word' id='word_1_56' title='bbox 1187 912 1264 1002; x_wconf 79' lang='lat' dir='ltr'><strong>elle</strong></span> <span class='ocrx_word' id='word_1_57' title='bbox 1289 950 1372 1004; x_wconf 91' lang='lat' dir='ltr'><strong>non</strong></span> <span class='ocrx_word' id='word_1_58' title='bbox 1400 927 1547 1039; x_wconf 90' lang='lat' dir='ltr'><strong>potest,</strong></span> 
     </span>
     <span class='ocr_line' id='line_1_8' title="bbox 156 1027 1546 1151; baseline 0.004 -33"><span class='ocrx_word' id='word_1_59' title='bbox 156 1061 345 1151; x_wconf 86' lang='lat' dir='ltr'><strong>quantus</strong></span> <span class='ocrx_word' id='word_1_60' title='bbox 360 1027 523 1130; x_wconf 84' lang='lat' dir='ltr'><strong>elset‚sr</strong></span> <span class='ocrx_word' id='word_1_61' title='bbox 549 1029 615 1118; x_wconf 88' lang='lat' dir='ltr'><strong>sex</strong></span> <span class='ocrx_word' id='word_1_62' title='bbox 632 1061 702 1116; x_wconf 87' lang='lat' dir='ltr'><strong>aut</strong></span> <span class='ocrx_word' id='word_1_63' title='bbox 716 1037 813 1119; x_wconf 76' lang='lat' dir='ltr'><strong>otto.</strong></span> <span class='ocrx_word' id='word_1_64' title='bbox 831 1034 1018 1116; x_wconf 83' lang='lat' dir='ltr'><strong>homines</strong></span> <span class='ocrx_word' id='word_1_65' title='bbox 1038 1035 1181 1146; x_wconf 83' lang='lat' dir='ltr'><strong>aequali</strong></span> <span class='ocrx_word' id='word_1_66' title='bbox 1197 1033 1284 1120; x_wconf 86' lang='lat' dir='ltr'><strong>nisu</strong></span> <span class='ocrx_word' id='word_1_67' title='bbox 1303 1045 1439 1126; x_wconf 85' lang='lat' dir='ltr'><strong>navim</strong></span> <span class='ocrx_word' id='word_1_68' title='bbox 1461 1043 1546 1132; x_wconf 82' lang='lat' dir='ltr'><strong>stne</strong></span> 
     </span>
     <span class='ocr_line' id='line_1_9' title="bbox 156 1146 1544 1262; baseline 0.001 -28"><span class='ocrx_word' id='word_1_69' title='bbox 156 1153 288 1234; x_wconf 87' lang='lat' dir='ltr'><strong>remis</strong></span> <span class='ocrx_word' id='word_1_70' title='bbox 313 1146 565 1262; x_wconf 81' lang='lat' dir='ltr'><strong>impellerent</strong></span> <span class='ocrx_word' id='word_1_71' title='bbox 580 1176 650 1234; x_wconf 92' lang='lat' dir='ltr'><strong>aut</strong></span> <span class='ocrx_word' id='word_1_72' title='bbox 667 1149 873 1234; x_wconf 76' lang='lat' dir='ltr'><strong>traherent</strong></span> <span class='ocrx_word' id='word_1_73' title='bbox 889 1180 903 1242; x_wconf 79' lang='lat'>3</span> <span class='ocrx_word' id='word_1_74' title='bbox 922 1149 1018 1262; x_wconf 87' lang='lat' dir='ltr'><strong>quia</strong></span> <span class='ocrx_word' id='word_1_75' title='bbox 1035 1156 1241 1235; x_wconf 76' lang='lat' dir='ltr'><strong>contraria</strong></span> <span class='ocrx_word' id='word_1_76' title='bbox 1257 1150 1332 1235; x_wconf 85' lang='lat' dir='ltr'><strong>illae</strong></span> <span class='ocrx_word' id='word_1_77' title='bbox 1353 1155 1544 1242; x_wconf 51' lang='lat' dir='ltr'><strong>timedio,</strong></span> 
     </span>
     <span class='ocr_line' id='line_1_10' title="bbox 157 1263 1618 1378; baseline 0.005 -24"><span class='ocrx_word' id='word_1_78' title='bbox 157 1297 233 1354; x_wconf 83' lang='lat' dir='ltr'><strong>nes</strong></span> <span class='ocrx_word' id='word_1_79' title='bbox 253 1264 308 1348; x_wconf 85' lang='lat' dir='ltr'><strong>ad</strong></span> <span class='ocrx_word' id='word_1_80' title='bbox 324 1266 532 1350; x_wconf 86' lang='lat' dir='ltr'><strong>dexteram</strong></span> <span class='ocrx_word' id='word_1_81' title='bbox 546 1266 654 1352; x_wconf 87' lang='lat' dir='ltr'><strong>&amp;ad</strong></span> <span class='ocrx_word' id='word_1_82' title='bbox 678 1263 872 1372; x_wconf 82' lang='lat' dir='ltr'><strong>sinistram</strong></span> <span class='ocrx_word' id='word_1_83' title='bbox 894 1294 1102 1378; x_wconf 82' lang='lat' dir='ltr'><strong>nequeant</strong></span> <span class='ocrx_word' id='word_1_84' title='bbox 1129 1271 1171 1348; x_wconf 91' lang='lat' dir='ltr'><strong>in</strong></span> <span class='ocrx_word' id='word_1_85' title='bbox 1190 1273 1348 1352; x_wconf 86' lang='lat' dir='ltr'><strong>tertiam</strong></span> <span class='ocrx_word' id='word_1_86' title='bbox 1372 1277 1542 1363; x_wconf 82' lang='lat' dir='ltr'><strong>mixtam</strong></span> <span class='ocrx_word' id='word_1_87' title='bbox 1614 1281 1618 1291; x_wconf 82' lang='grc'><strong>“</strong></span> 
     </span>
     <span class='ocr_line' id='line_1_11' title="bbox 151 1375 1412 1494; baseline 0.001 -26"><span class='ocrx_word' id='word_1_88' title='bbox 151 1379 431 1468; x_wconf 76' lang='lat' dir='ltr'><strong>direetionem</strong></span> <span class='ocrx_word' id='word_1_89' title='bbox 448 1378 693 1478; x_wconf 86' lang='lat' dir='ltr'><strong>coalescere,</strong></span> <span class='ocrx_word' id='word_1_90' title='bbox 713 1377 798 1464; x_wconf 74' lang='lat' dir='ltr'><strong>stne</strong></span> <span class='ocrx_word' id='word_1_91' title='bbox 815 1375 957 1494; x_wconf 83' lang='lat' dir='ltr'><strong>aliquo</strong></span> <span class='ocrx_word' id='word_1_92' title='bbox 972 1375 1143 1494; x_wconf 77' lang='lat' dir='ltr'><strong>imperiis</strong></span> <span class='ocrx_word' id='word_1_93' title='bbox 1155 1381 1412 1469; x_wconf 89' lang='lat' dir='ltr'><strong>detrimento.</strong></span> 
     </span>
    </p>

    <p class='ocr_par' dir='ltr' id='par_1_3' title="bbox 134 1493 1664 3461">
     <span class='ocr_line' id='line_1_12' title="bbox 202 1493 1542 1614; baseline 0.006 -32"><span class='ocrx_word' id='word_1_94' title='bbox 202 1496 339 1614; x_wconf 80' lang='lat' dir='ltr'><strong>Qud</strong></span> <span class='ocrx_word' id='word_1_95' title='bbox 353 1495 380 1580; x_wconf 84' lang='lat' dir='ltr'><strong>st</strong></span> <span class='ocrx_word' id='word_1_96' title='bbox 394 1501 564 1608; x_wconf 89' lang='lat' dir='ltr'><strong>remiges</strong></span> <span class='ocrx_word' id='word_1_97' title='bbox 578 1527 719 1580; x_wconf 84' lang='lat' dir='ltr'><strong>omnes</strong></span> <span class='ocrx_word' id='word_1_98' title='bbox 730 1525 815 1578; x_wconf 91' lang='lat' dir='ltr'><strong>non</strong></span> <span class='ocrx_word' id='word_1_99' title='bbox 827 1493 1099 1579; x_wconf 88' lang='lat' dir='ltr'><strong>consentirent</strong></span> <span class='ocrx_word' id='word_1_100' title='bbox 1115 1503 1156 1580; x_wconf 90' lang='lat' dir='ltr'><strong>in</strong></span> <span class='ocrx_word' id='word_1_101' title='bbox 1169 1499 1452 1612; x_wconf 85' lang='lat' dir='ltr'><strong>deprimendo,</strong></span> <span class='ocrx_word' id='word_1_102' title='bbox 1463 1503 1542 1590; x_wconf 89' lang='lat' dir='ltr'><strong>im-</strong></span> 
     </span>
     <span class='ocr_line' id='line_1_13' title="bbox 156 1607 1542 1732; baseline 0.004 -34"><span class='ocrx_word' id='word_1_103' title='bbox 156 1613 376 1732; x_wconf 87' lang='lat' dir='ltr'><strong>pellendo,</strong></span> <span class='ocrx_word' id='word_1_104' title='bbox 393 1639 516 1725; x_wconf 86' lang='lat' dir='ltr'><strong>arque</strong></span> <span class='ocrx_word' id='word_1_105' title='bbox 531 1612 933 1710; x_wconf 82' lang='lat' dir='ltr'><strong>extraitendo&#39;remo,</strong></span> <span class='ocrx_word' id='word_1_106' title='bbox 949 1607 1013 1694; x_wconf 89' lang='lat' dir='ltr'><strong>sed</strong></span> <span class='ocrx_word' id='word_1_107' title='bbox 1033 1611 1098 1726; x_wconf 86' lang='lat' dir='ltr'><strong>aiij</strong></span> <span class='ocrx_word' id='word_1_108' title='bbox 1120 1614 1217 1698; x_wconf 88' lang='lat' dir='ltr'><strong>alios</strong></span> <span class='ocrx_word' id='word_1_109' title='bbox 1239 1642 1542 1728; x_wconf 84' lang='lat' dir='ltr'><strong>praeverterent,</strong></span> 
     </span>
     <span class='ocr_line' id='line_1_14' title="bbox 156 1725 1539 1839; baseline 0.004 -23"><span class='ocrx_word' id='word_1_110' title='bbox 156 1761 242 1816; x_wconf 93' lang='lat' dir='ltr'><strong>non</strong></span> <span class='ocrx_word' id='word_1_111' title='bbox 256 1725 698 1814; x_wconf 82' lang='lat' dir='ltr'><strong>solitmidincommodi</strong></span> <span class='ocrx_word' id='word_1_112' title='bbox 709 1727 1047 1839; x_wconf 85' lang='lat' dir='ltr'><strong>accideret,qu0d</strong></span> <span class='ocrx_word' id='word_1_113' title='bbox 1058 1729 1107 1814; x_wconf 85' lang='lat' dir='ltr'><strong>ab</strong></span> <span class='ocrx_word' id='word_1_114' title='bbox 1120 1728 1458 1830; x_wconf 88' lang='lat' dir='ltr'><strong>institutoitincre</strong></span> <span class='ocrx_word' id='word_1_115' title='bbox 1469 1739 1539 1822; x_wconf 92' lang='lat' dir='ltr'><strong>dc-</strong></span> 
     </span>
     <span class='ocr_line' id='line_1_15' title="bbox 156 1843 1539 1963; baseline 0.005 -33"><span class='ocrx_word' id='word_1_116' title='bbox 156 1845 342 1932; x_wconf 66' lang='lat' dir='ltr'><strong>[lederet</strong></span> <span class='ocrx_word' id='word_1_117' title='bbox 357 1847 471 1926; x_wconf 86' lang='lat' dir='ltr'><strong>navis</strong></span> <span class='ocrx_word' id='word_1_118' title='bbox 485 1848 528 1926; x_wconf 91' lang='lat' dir='ltr'><strong>in</strong></span> <span class='ocrx_word' id='word_1_119' title='bbox 540 1843 771 1930; x_wconf 81' lang='lat' dir='ltr'><strong>alterutram</strong></span> <span class='ocrx_word' id='word_1_120' title='bbox 780 1843 1041 1956; x_wconf 83' lang='lat' dir='ltr'><strong>partem,nis1</strong></span> <span class='ocrx_word' id='word_1_121' title='bbox 1054 1845 1215 1956; x_wconf 84' lang='lat' dir='ltr'><strong>aequalis</strong></span> <span class='ocrx_word' id='word_1_122' title='bbox 1234 1850 1425 1963; x_wconf 89' lang='lat' dir='ltr'><strong>utrinque</strong></span> <span class='ocrx_word' id='word_1_123' title='bbox 1438 1847 1539 1936; x_wconf 75' lang='lat' dir='ltr'><strong>esset</strong></span> 
     </span>
     <span class='ocr_line' id='line_1_16' title="bbox 140 1953 1537 2076; baseline 0.004 -30"><span class='ocrx_word' id='word_1_124' title='bbox 140 1958 365 2076; x_wconf 61' lang='lat' dir='ltr'><strong>inpulsus,</strong></span> <span class='ocrx_word' id='word_1_125' title='bbox 378 1953 521 2046; x_wconf 77' lang='lat' dir='ltr'><strong>veriam</strong></span> <span class='ocrx_word' id='word_1_126' title='bbox 531 1963 653 2042; x_wconf 83' lang='lat' dir='ltr'><strong>etiam</strong></span> <span class='ocrx_word' id='word_1_127' title='bbox 665 1959 932 2042; x_wconf 80' lang='lat' dir='ltr'><strong>retardaretur</strong></span> <span class='ocrx_word' id='word_1_128' title='bbox 944 1984 1092 2058; x_wconf 90' lang='lat' dir='ltr'><strong>motus,</strong></span> <span class='ocrx_word' id='word_1_129' title='bbox 1108 1958 1194 2046; x_wconf 84' lang='lat' dir='ltr'><strong>tiun</strong></span> <span class='ocrx_word' id='word_1_130' title='bbox 1209 1965 1304 2075; x_wconf 85' lang='lat' dir='ltr'><strong>quia</strong></span> <span class='ocrx_word' id='word_1_131' title='bbox 1315 1969 1448 2048; x_wconf 89' lang='lat' dir='ltr'><strong>minor</strong></span> <span class='ocrx_word' id='word_1_132' title='bbox 1458 1964 1537 2053; x_wconf 86' lang='lat' dir='ltr'><strong>im-</strong></span> 
     </span>
     <span class='ocr_line' id='line_1_17' title="bbox 134 2069 1664 2192; baseline 0.005 -32"><span class='ocrx_word' id='word_1_133' title='bbox 134 2075 292 2192; x_wconf 86' lang='lat' dir='ltr'><strong>&#39;pulsus</strong></span> <span class='ocrx_word' id='word_1_134' title='bbox 304 2073 327 2158; x_wconf 73' lang='lat' dir='ltr'><strong>d</strong></span> <span class='ocrx_word' id='word_1_135' title='bbox 341 2073 600 2190; x_wconf 84' lang='lat' dir='ltr'><strong>paucioribus</strong></span> <span class='ocrx_word' id='word_1_136' title='bbox 613 2077 706 2156; x_wconf 84' lang='lat' dir='ltr'><strong>navi</strong></span> <span class='ocrx_word' id='word_1_137' title='bbox 720 2069 989 2186; x_wconf 84' lang='lat' dir='ltr'><strong>imprimitur,</strong></span> <span class='ocrx_word' id='word_1_138' title='bbox 1006 2101 1093 2156; x_wconf 88' lang='lat' dir='ltr'><strong>tum</strong></span> <span class='ocrx_word' id='word_1_139' title='bbox 1105 2075 1200 2187; x_wconf 89' lang='lat' dir='ltr'><strong>quia</strong></span> <span class='ocrx_word' id='word_1_140' title='bbox 1212 2075 1311 2160; x_wconf 91' lang='lat' dir='ltr'><strong>remi</strong></span> <span class='ocrx_word' id='word_1_141' title='bbox 1326 2081 1535 2183; x_wconf 82' lang='lat' dir='ltr'><strong>tardiores,</strong></span> <span class='ocrx_word' id='word_1_142' title='bbox 1647 2111 1664 2120; x_wconf 63' lang='lat'><strong><em>⁴</em></strong></span> 
     </span>
     <span class='ocr_line' id='line_1_18' title="bbox 156 2189 1535 2308; baseline 0.004 -32"><span class='ocrx_word' id='word_1_143' title='bbox 156 2193 325 2308; x_wconf 85' lang='lat' dir='ltr'><strong>reliquis</strong></span> <span class='ocrx_word' id='word_1_144' title='bbox 352 2189 542 2286; x_wconf 80' lang='lat' dir='ltr'><strong>elevatis,</strong></span> <span class='ocrx_word' id='word_1_145' title='bbox 561 2189 698 2274; x_wconf 87' lang='lat' dir='ltr'><strong>adhuc</strong></span> <span class='ocrx_word' id='word_1_146' title='bbox 727 2190 898 2272; x_wconf 82' lang='lat' dir='ltr'><strong>immersi</strong></span> <span class='ocrx_word' id='word_1_147' title='bbox 922 2189 1022 2274; x_wconf 90' lang='lat' dir='ltr'><strong>dum</strong></span> <span class='ocrx_word' id='word_1_148' title='bbox 1049 2195 1257 2280; x_wconf 89' lang='lat' dir='ltr'><strong>communi</strong></span> <span class='ocrx_word' id='word_1_149' title='bbox 1284 2199 1398 2276; x_wconf 86' lang='lat' dir='ltr'><strong>navis</strong></span> <span class='ocrx_word' id='word_1_150' title='bbox 1418 2226 1535 2283; x_wconf 89' lang='lat' dir='ltr'><strong>motu</strong></span> 
     </span>
     <span class='ocr_line' id='line_1_19' title="bbox 154 2301 1532 2428; baseline -0.007 -36"><span class='ocrx_word' id='word_1_151' title='bbox 154 2333 400 2402; x_wconf 89' lang='lat' dir='ltr'><strong>moventur,</strong></span> <span class='ocrx_word' id='word_1_152' title='bbox 416 2303 551 2390; x_wconf 78' lang='lat' dir='ltr'><strong>minus</strong></span> <span class='ocrx_word' id='word_1_153' title='bbox 568 2301 782 2416; x_wconf 89' lang='lat' dir='ltr'><strong>impellunt</strong></span> <span class='ocrx_word' id='word_1_154' title='bbox 793 2333 939 2418; x_wconf 82' lang='lat' dir='ltr'><strong>aquam</strong></span> <span class='ocrx_word' id='word_1_155' title='bbox 959 2303 1048 2416; x_wconf 92' lang='lat' dir='ltr'><strong>post</strong></span> <span class='ocrx_word' id='word_1_156' title='bbox 1064 2302 1101 2388; x_wconf 90' lang='lat' dir='ltr'><strong>se</strong></span> <span class='ocrx_word' id='word_1_157' title='bbox 1114 2304 1365 2419; x_wconf 86' lang='lat' dir='ltr'><strong>fugientem,</strong></span> <span class='ocrx_word' id='word_1_158' title='bbox 1385 2321 1426 2396; x_wconf 77' lang='grc' dir='ltr'><strong>δι</strong></span> <span class='ocrx_word' id='word_1_159' title='bbox 1442 2311 1532 2428; x_wconf 83' lang='lat' dir='ltr'><strong>pal..</strong></span> 
     </span>
     <span class='ocr_line' id='line_1_20' title="bbox 154 2416 1531 2534; baseline 0.004 -26"><span class='ocrx_word' id='word_1_160' title='bbox 154 2424 274 2508; x_wconf 81' lang='lat' dir='ltr'><strong>mulae</strong></span> <span class='ocrx_word' id='word_1_161' title='bbox 294 2423 467 2508; x_wconf 89' lang='lat' dir='ltr'><strong>latitudo</strong></span> <span class='ocrx_word' id='word_1_162' title='bbox 484 2423 713 2508; x_wconf 87' lang='lat' dir='ltr'><strong>occurrenti</strong></span> <span class='ocrx_word' id='word_1_163' title='bbox 732 2449 845 2534; x_wconf 73' lang='lat' dir='ltr'><strong>aque</strong></span> <span class='ocrx_word' id='word_1_164' title='bbox 861 2416 1025 2504; x_wconf 86' lang='lat' dir='ltr'><strong>obversa</strong></span> <span class='ocrx_word' id='word_1_165' title='bbox 1039 2451 1194 2506; x_wconf 85' lang='lat' dir='ltr'><strong>moram</strong></span> <span class='ocrx_word' id='word_1_166' title='bbox 1212 2422 1360 2520; x_wconf 86' lang='lat' dir='ltr'><strong>infert,</strong></span> <span class='ocrx_word' id='word_1_167' title='bbox 1380 2454 1423 2508; x_wconf 91' lang='lat' dir='ltr'><strong>ut</strong></span> <span class='ocrx_word' id='word_1_168' title='bbox 1440 2456 1531 2514; x_wconf 87' lang='lat' dir='ltr'><strong>eam</strong></span> 
     </span>
     <span class='ocr_line' id='line_1_21' title="bbox 153 2531 1527 2650; baseline 0 -26"><span class='ocrx_word' id='word_1_169' title='bbox 153 2539 313 2624; x_wconf 82' lang='lat' dir='ltr'><strong>dividat</strong></span> <span class='ocrx_word' id='word_1_170' title='bbox 326 2571 337 2631; x_wconf 79' lang='lat'>5</span> <span class='ocrx_word' id='word_1_171' title='bbox 352 2567 503 2650; x_wconf 81' lang='lat' dir='ltr'><strong>ert-quo</strong></span> <span class='ocrx_word' id='word_1_172' title='bbox 522 2536 589 2634; x_wconf 85' lang='lat' dir='ltr'><strong>fit,</strong></span> <span class='ocrx_word' id='word_1_173' title='bbox 608 2565 653 2618; x_wconf 90' lang='lat' dir='ltr'><strong>ut</strong></span> <span class='ocrx_word' id='word_1_174' title='bbox 673 2533 827 2648; x_wconf 87' lang='lat' dir='ltr'><strong>aliquid</strong></span> <span class='ocrx_word' id='word_1_175' title='bbox 848 2531 1021 2650; x_wconf 75' lang='lat' dir='ltr'><strong>imperiis</strong></span> <span class='ocrx_word' id='word_1_176' title='bbox 1041 2536 1092 2634; x_wconf 78' lang='lat' dir='ltr'><strong>ab</strong></span> <span class='ocrx_word' id='word_1_177' title='bbox 1112 2537 1197 2620; x_wconf 86' lang='lat' dir='ltr'><strong>aliis</strong></span> <span class='ocrx_word' id='word_1_178' title='bbox 1215 2537 1434 2649; x_wconf 79' lang='lat' dir='ltr'><strong>remigibus</strong></span> <span class='ocrx_word' id='word_1_179' title='bbox 1448 2547 1527 2624; x_wconf 91' lang='lat' dir='ltr'><strong>im-</strong></span> 
     </span>
     <span class='ocr_line' id='line_1_22' title="bbox 153 2651 1567 2768; baseline 0.005 -30"><span class='ocrx_word' id='word_1_180' title='bbox 153 2655 266 2768; x_wconf 83' lang='lat' dir='ltr'><strong>preffi·</strong></span> <span class='ocrx_word' id='word_1_181' title='bbox 277 2655 508 2749; x_wconf 88' lang='lat' dir='ltr'><strong>deteratur,</strong></span> <span class='ocrx_word' id='word_1_182' title='bbox 523 2657 591 2763; x_wconf 89' lang='lat' dir='ltr'><strong>qui</strong></span> <span class='ocrx_word' id='word_1_183' title='bbox 605 2651 795 2736; x_wconf 88' lang='lat' dir='ltr'><strong>citrahoc</strong></span> <span class='ocrx_word' id='word_1_184' title='bbox 809 2654 1143 2766; x_wconf 87' lang='lat' dir='ltr'><strong>impedimentum</strong></span> <span class='ocrx_word' id='word_1_185' title='bbox 1155 2653 1291 2738; x_wconf 86' lang='lat' dir='ltr'><strong>adhuc</strong></span> <span class='ocrx_word' id='word_1_186' title='bbox 1304 2653 1536 2766; x_wconf 80' lang='lat' dir='ltr'><strong>persevera-</strong></span> <span class='ocrx_word' id='word_1_187' title='bbox 1563 2719 1567 2726; x_wconf 89' lang='lat'><em>-</em></span> 
     </span>
     <span class='ocr_line' id='line_1_23' title="bbox 152 2765 1526 2884; baseline 0 -30"><span class='ocrx_word' id='word_1_188' title='bbox 152 2798 222 2854; x_wconf 89' lang='lat' dir='ltr'><strong>ret.</strong></span> <span class='ocrx_word' id='word_1_189' title='bbox 261 2774 368 2853; x_wconf 88' lang='lat' dir='ltr'><strong>Sunt</strong></span> <span class='ocrx_word' id='word_1_190' title='bbox 382 2766 532 2850; x_wconf 87' lang='lat' dir='ltr'><strong>scilicet</strong></span> <span class='ocrx_word' id='word_1_191' title='bbox 544 2766 677 2879; x_wconf 88' lang='lat' dir='ltr'><strong>plures</strong></span> <span class='ocrx_word' id='word_1_192' title='bbox 695 2769 792 2848; x_wconf 89' lang='lat' dir='ltr'><strong>remi</strong></span> <span class='ocrx_word' id='word_1_193' title='bbox 808 2765 941 2878; x_wconf 87' lang='lat' dir='ltr'><strong>plures</strong></span> <span class='ocrx_word' id='word_1_194' title='bbox 957 2771 1114 2863; x_wconf 77' lang='lat' dir='ltr'><strong>vertes,</strong></span> <span class='ocrx_word' id='word_1_195' title='bbox 1135 2769 1282 2882; x_wconf 78' lang='lat' dir='ltr'><strong>quibus</strong></span> <span class='ocrx_word' id='word_1_196' title='bbox 1295 2769 1405 2853; x_wconf 90' lang='lat' dir='ltr'><strong>idem</strong></span> <span class='ocrx_word' id='word_1_197' title='bbox 1420 2799 1526 2884; x_wconf 92' lang='lat' dir='ltr'><strong>pon-</strong></span> 
     </span>
     <span class='ocr_line' id='line_1_24' title="bbox 154 2879 1529 2996; baseline 0.001 -26"><span class='ocrx_word' id='word_1_198' title='bbox 154 2887 226 2970; x_wconf 89' lang='lat' dir='ltr'><strong>dus</strong></span> <span class='ocrx_word' id='word_1_199' title='bbox 243 2911 434 2972; x_wconf 90' lang='lat' dir='ltr'><strong>movetur</strong></span> <span class='ocrx_word' id='word_1_200' title='bbox 443 2917 456 2976; x_wconf 77' lang='lat'>5</span> <span class='ocrx_word' id='word_1_201' title='bbox 475 2893 516 2968; x_wconf 69' lang='grc' dir='ltr'><strong>ὅ(</strong></span> <span class='ocrx_word' id='word_1_202' title='bbox 532 2883 604 2965; x_wconf 86' lang='lat' dir='ltr'><strong>nist</strong></span> <span class='ocrx_word' id='word_1_203' title='bbox 622 2885 792 2992; x_wconf 84' lang='lat' dir='ltr'><strong>remiges</strong></span> <span class='ocrx_word' id='word_1_204' title='bbox 807 2911 947 2989; x_wconf 69' lang='lat' dir='ltr'><strong>omnes</strong></span> <span class='ocrx_word' id='word_1_205' title='bbox 968 2879 1304 2996; x_wconf 86' lang='lat' dir='ltr'><strong>conspiraverint,</strong></span> <span class='ocrx_word' id='word_1_206' title='bbox 1324 2913 1394 2968; x_wconf 88' lang='lat' dir='ltr'><strong>aut</strong></span> <span class='ocrx_word' id='word_1_207' title='bbox 1412 2893 1529 2972; x_wconf 85' lang='lat' dir='ltr'><strong>navis</strong></span> 
     </span>
     <span class='ocr_line' id='line_1_25' title="bbox 154 2995 1527 3112; baseline 0.004 -30"><span class='ocrx_word' id='word_1_208' title='bbox 154 3002 304 3091; x_wconf 77' lang='lat' dir='ltr'><strong>tardibs</strong></span> <span class='ocrx_word' id='word_1_209' title='bbox 316 3027 524 3093; x_wconf 87' lang='lat' dir='ltr'><strong>movetur,</strong></span> <span class='ocrx_word' id='word_1_210' title='bbox 544 3028 613 3080; x_wconf 90' lang='lat' dir='ltr'><strong>aut</strong></span> <span class='ocrx_word' id='word_1_211' title='bbox 627 2995 857 3111; x_wconf 85' lang='lat' dir='ltr'><strong>aliquorum</strong></span> <span class='ocrx_word' id='word_1_212' title='bbox 874 2996 986 3081; x_wconf 91' lang='lat' dir='ltr'><strong>labor</strong></span> <span class='ocrx_word' id='word_1_213' title='bbox 1005 3027 1201 3112; x_wconf 87' lang='lat' dir='ltr'><strong>augetur:</strong></span> <span class='ocrx_word' id='word_1_214' title='bbox 1220 2999 1331 3084; x_wconf 87' lang='lat' dir='ltr'><strong>haud</strong></span> <span class='ocrx_word' id='word_1_215' title='bbox 1350 2997 1462 3084; x_wconf 88' lang='lat' dir='ltr'><strong>secus</strong></span> <span class='ocrx_word' id='word_1_216' title='bbox 1476 3032 1527 3088; x_wconf 88' lang='lat' dir='ltr'><strong>ac</strong></span> 
     </span>
     <span class='ocr_line' id='line_1_26' title="bbox 152 3109 1526 3232; baseline 0.002 -34"><span class='ocrx_word' id='word_1_217' title='bbox 152 3114 786 3232; x_wconf 71' lang='lat' dir='ltr'><strong>fiplureshorninesuniveuiad</strong></span> <span class='ocrx_word' id='word_1_218' title='bbox 831 3109 1526 3230; x_wconf 81' lang='lat' dir='ltr'><strong>ondnsaliquodelevandumappli-</strong></span> 
     </span>
     <span class='ocr_line' id='line_1_27' title="bbox 154 3141 1525 3343; baseline 0 -27"><span class='ocrx_word' id='word_1_219' title='bbox 154 3261 365 3328; x_wconf 88' lang='lat' dir='ltr'><strong>carentur,</strong></span> <span class='ocrx_word' id='word_1_220' title='bbox 389 3247 471 3316; x_wconf 85' lang='lat' dir='ltr'><strong>u&#39;no</strong></span> <span class='ocrx_word' id='word_1_221' title='bbox 487 3257 557 3312; x_wconf 87' lang='lat' dir='ltr'><strong>aut</strong></span> <span class='ocrx_word' id='word_1_222' title='bbox 578 3229 705 3314; x_wconf 88' lang='lat' dir='ltr'><strong>altero</strong></span> <span class='ocrx_word' id='word_1_223' title='bbox 722 3141 895 3325; x_wconf 67' lang='lat' dir='ltr'><strong>cesliinte</strong></span> <span class='ocrx_word' id='word_1_224' title='bbox 919 3221 1167 3341; x_wconf 87' lang='lat' dir='ltr'><strong>reliquorum</strong></span> <span class='ocrx_word' id='word_1_225' title='bbox 1187 3229 1293 3314; x_wconf 85' lang='lat' dir='ltr'><strong>nisus</strong></span> <span class='ocrx_word' id='word_1_226' title='bbox 1310 3261 1358 3314; x_wconf 83' lang='lat' dir='ltr'><strong>au</strong></span> <span class='ocrx_word' id='word_1_227' title='bbox 1361 3233 1525 3343; x_wconf 83' lang='lat' dir='ltr'><strong>gentius</strong></span> 
     </span>
     <span class='ocr_line' id='line_1_28' title="bbox 152 3343 1441 3461; baseline -0.003 -31"><span class='ocrx_word' id='word_1_228' title='bbox 152 3343 266 3446; x_wconf 81' lang='lat' dir='ltr'><strong>effer,</strong></span> <span class='ocrx_word' id='word_1_229' title='bbox 287 3345 610 3461; x_wconf 86' lang='lat' dir='ltr'><strong>supplementum</strong></span> <span class='ocrx_word' id='word_1_230' title='bbox 623 3345 922 3432; x_wconf 75' lang='lat' dir='ltr'><strong>desidiosorum.</strong></span> <span class='ocrx_word' id='word_1_231' title='bbox 1435 3353 1441 3362; x_wconf 83' lang='grc'><strong>’</strong></span> 
     </span>
    </p>

    <p class='ocr_par' dir='ltr' id='par_1_4' title="bbox 52 3453 1639 4742">
     <span class='ocr_line' id='line_1_29' title="bbox 203 3453 1526 3575; baseline 0 -25"><span class='ocrx_word' id='word_1_232' title='bbox 203 3469 264 3550; x_wconf 88' lang='lat' dir='ltr'><strong>Ex</strong></span> <span class='ocrx_word' id='word_1_233' title='bbox 286 3459 509 3552; x_wconf 78' lang='lat' dir='ltr'><strong>rationibus</strong></span> <span class='ocrx_word' id='word_1_234' title='bbox 534 3461 661 3572; x_wconf 89' lang='lat' dir='ltr'><strong>igitur</strong></span> <span class='ocrx_word' id='word_1_235' title='bbox 680 3465 804 3546; x_wconf 66' lang='lat' dir='ltr'><strong>vet&#39;tis</strong></span> <span class='ocrx_word' id='word_1_236' title='bbox 830 3457 968 3544; x_wconf 85' lang='lat' dir='ltr'><strong>satisfit</strong></span> <span class='ocrx_word' id='word_1_237' title='bbox 994 3453 1203 3575; x_wconf 67' lang='lat' dir='ltr'><strong>quaestioni</strong></span> <span class='ocrx_word' id='word_1_238' title='bbox 1228 3457 1281 3544; x_wconf 91' lang='lat' dir='ltr'><strong>ab</strong></span> <span class='ocrx_word' id='word_1_239' title='bbox 1306 3461 1526 3550; x_wconf 85' lang='lat' dir='ltr'><strong>Aristotele</strong></span> 
     </span>
     <span class='ocr_line' id='line_1_30' title="bbox 151 3567 1519 3692; baseline 0.003 -39"><span class='ocrx_word' id='word_1_240' title='bbox 151 3581 380 3692; x_wconf 78' lang='lat' dir='ltr'><strong>propositae,</strong></span> <span class='ocrx_word' id='word_1_241' title='bbox 405 3595 475 3678; x_wconf 70' lang='lat' dir='ltr'><strong>cnr</strong></span> <span class='ocrx_word' id='word_1_242' title='bbox 488 3603 527 3682; x_wconf 76' lang='lat' dir='ltr'><strong>q,</strong></span> <span class='ocrx_word' id='word_1_243' title='bbox 543 3603 603 3683; x_wconf 80' lang='lat' dir='ltr'><strong>qut</strong></span> <span class='ocrx_word' id='word_1_244' title='bbox 616 3603 654 3650; x_wconf 87' lang='lat' dir='ltr'><strong>m</strong></span> <span class='ocrx_word' id='word_1_245' title='bbox 667 3587 774 3650; x_wconf 73' lang='lat' dir='ltr'><strong>nava</strong></span> <span class='ocrx_word' id='word_1_246' title='bbox 789 3573 906 3648; x_wconf 76' lang='lat' dir='ltr'><strong>merito</strong></span> <span class='ocrx_word' id='word_1_247' title='bbox 917 3567 1007 3678; x_wconf 73' lang='lat' dir='ltr'><strong>fiant</strong></span> <span class='ocrx_word' id='word_1_248' title='bbox 1024 3597 1174 3677; x_wconf 75' lang='lat' dir='ltr'><strong>rrmtgrs</strong></span> <span class='ocrx_word' id='word_1_249' title='bbox 1189 3631 1199 3656; x_wconf 77' lang='lat'><strong>,</strong></span> <span class='ocrx_word' id='word_1_250' title='bbox 1212 3581 1370 3653; x_wconf 71' lang='lat' dir='ltr'><strong>maxime</strong></span> <span class='ocrx_word' id='word_1_251' title='bbox 1386 3585 1519 3656; x_wconf 75' lang='lat' dir='ltr'><strong>navim</strong></span> 
     </span>
     <span class='ocr_line' id='line_1_31' title="bbox 149 3683 1520 3810; baseline 0.007 -42"><span class='ocrx_word' id='word_1_252' title='bbox 149 3683 1520 3810; x_wconf 68' lang='lat' dir='ltr'><strong>monenr?Allatamdeilosophoresponsionemintadamrelinquor</strong></span> 
     </span>
     <span class='ocr_line' id='line_1_32' title="bbox 134 3802 1518 3925; baseline -0.004 -27"><span class='ocrx_word' id='word_1_253' title='bbox 134 3839 200 3898; x_wconf 68' lang='lat' dir='ltr'><strong>,an</strong></span> <span class='ocrx_word' id='word_1_254' title='bbox 213 3809 302 3896; x_wconf 88' lang='lat' dir='ltr'><strong>satis</strong></span> <span class='ocrx_word' id='word_1_255' title='bbox 319 3809 532 3896; x_wconf 89' lang='lat' dir='ltr'><strong>commoda</strong></span> <span class='ocrx_word' id='word_1_256' title='bbox 547 3808 614 3906; x_wconf 85' lang='lat' dir='ltr'><strong>stt,</strong></span> <span class='ocrx_word' id='word_1_257' title='bbox 634 3807 701 3915; x_wconf 75' lang='lat' dir='ltr'><strong>ali]</strong></span> <span class='ocrx_word' id='word_1_258' title='bbox 725 3812 970 3894; x_wconf 85' lang='lat' dir='ltr'><strong>examinent.</strong></span> <span class='ocrx_word' id='word_1_259' title='bbox 1002 3802 1232 3918; x_wconf 84' lang='lat' dir='ltr'><strong>¹Remigum</strong></span> <span class='ocrx_word' id='word_1_260' title='bbox 1246 3807 1372 3916; x_wconf 73' lang='lat' dir='ltr'><strong>alijin</strong></span> <span class='ocrx_word' id='word_1_261' title='bbox 1389 3817 1518 3925; x_wconf 89' lang='lat' dir='ltr'><strong>puppi</strong></span> 
     </span>
     <span class='ocr_line' id='line_1_33' title="bbox 152 3922 1639 4039; baseline 0.002 -31"><span class='ocrx_word' id='word_1_262' title='bbox 152 3929 474 4022; x_wconf 88' lang='lat' dir='ltr'><strong>constituuntur,</strong></span> <span class='ocrx_word' id='word_1_263' title='bbox 489 3923 562 4039; x_wconf 78' lang='lat' dir='ltr'><strong>qui</strong></span> <span class='ocrx_word' id='word_1_264' title='bbox 582 3922 790 4008; x_wconf 86' lang='lat' dir='ltr'><strong>Thranitae</strong></span> <span class='ocrx_word' id='word_1_265' title='bbox 804 3923 1067 4020; x_wconf 81' lang='lat' dir='ltr'><strong>dicebantur,</strong></span> <span class='ocrx_word' id='word_1_266' title='bbox 1086 3953 1134 4030; x_wconf 88' lang='lat' dir='ltr'><strong>ut</strong></span> <span class='ocrx_word' id='word_1_267' title='bbox 1146 3922 1205 4006; x_wconf 87' lang='lat' dir='ltr'><strong>est</strong></span> <span class='ocrx_word' id='word_1_268' title='bbox 1215 3925 1323 4039; x_wconf 85' lang='lat' dir='ltr'><strong>apud</strong></span> <span class='ocrx_word' id='word_1_269' title='bbox 1338 3927 1519 4026; x_wconf 83' lang='lat' dir='ltr'><strong>Suidam,</strong></span> <span class='ocrx_word' id='word_1_270' title='bbox 1631 4005 1639 4020; x_wconf 86' lang='grc'>,</span> 
     </span>
     <span class='ocr_line' id='line_1_34' title="bbox 52 4037 1518 4160; baseline 0.001 -38"><span class='ocrx_word' id='word_1_271' title='bbox 52 4063 56 4072; x_wconf 88' lang='grc'><strong>’</strong></span> <span class='ocrx_word' id='word_1_272' title='bbox 149 4040 211 4159; x_wconf 83' lang='lat' dir='ltr'><strong>alij</strong></span> <span class='ocrx_word' id='word_1_273' title='bbox 226 4048 270 4126; x_wconf 89' lang='lat' dir='ltr'><strong>in</strong></span> <span class='ocrx_word' id='word_1_274' title='bbox 283 4041 416 4160; x_wconf 77' lang='lat' dir='ltr'><strong>proni,</strong></span> <span class='ocrx_word' id='word_1_275' title='bbox 431 4039 503 4155; x_wconf 92' lang='lat' dir='ltr'><strong>qui</strong></span> <span class='ocrx_word' id='word_1_276' title='bbox 517 4039 722 4146; x_wconf 75' lang='lat' dir='ltr'><strong>Thalamij</strong></span> <span class='ocrx_word' id='word_1_277' title='bbox 733 4037 799 4121; x_wconf 90' lang='lat' dir='ltr'><strong>seu</strong></span> <span class='ocrx_word' id='word_1_278' title='bbox 815 4037 1075 4134; x_wconf 83' lang='lat' dir='ltr'><strong>Thalamitae,</strong></span> <span class='ocrx_word' id='word_1_279' title='bbox 1091 4039 1154 4128; x_wconf 82' lang='lat' dir='ltr'><strong>ali:</strong></span> <span class='ocrx_word' id='word_1_280' title='bbox 1172 4040 1217 4122; x_wconf 93' lang='lat' dir='ltr'><strong>in</strong></span> <span class='ocrx_word' id='word_1_281' title='bbox 1237 4041 1348 4122; x_wconf 87' lang='lat' dir='ltr'><strong>navis</strong></span> <span class='ocrx_word' id='word_1_282' title='bbox 1363 4041 1518 4144; x_wconf 89' lang='lat' dir='ltr'><strong>medio,</strong></span> 
     </span>
     <span class='ocr_line' id='line_1_35' title="bbox 150 4149 1518 4274; baseline 0.001 -34"><span class='ocrx_word' id='word_1_283' title='bbox 150 4163 216 4270; x_wconf 89' lang='lat' dir='ltr'><strong>qui</strong></span> <span class='ocrx_word' id='word_1_284' title='bbox 232 4161 390 4274; x_wconf 78' lang='lat' dir='ltr'><strong>Zygitae</strong></span> <span class='ocrx_word' id='word_1_285' title='bbox 407 4195 416 4238; x_wconf 91' lang='lat'><strong>:</strong></span> <span class='ocrx_word' id='word_1_286' title='bbox 436 4169 478 4244; x_wconf 70' lang='grc' dir='ltr'><strong>δι</strong></span> <span class='ocrx_word' id='word_1_287' title='bbox 496 4163 679 4272; x_wconf 82' lang='lat' dir='ltr'><strong>quamvis</strong></span> <span class='ocrx_word' id='word_1_288' title='bbox 692 4184 831 4238; x_wconf 87' lang='lat' dir='ltr'><strong>omnes</strong></span> <span class='ocrx_word' id='word_1_289' title='bbox 847 4155 896 4238; x_wconf 92' lang='lat' dir='ltr'><strong>ad</strong></span> <span class='ocrx_word' id='word_1_290' title='bbox 917 4149 1234 4268; x_wconf 81' lang='lat' dir='ltr'><strong>promovendam</strong></span> <span class='ocrx_word' id='word_1_291' title='bbox 1249 4159 1386 4238; x_wconf 87' lang='lat' dir='ltr'><strong>navim</strong></span> <span class='ocrx_word' id='word_1_292' title='bbox 1399 4156 1518 4244; x_wconf 88' lang='lat' dir='ltr'><strong>suum</strong></span> 
     </span>
     <span class='ocr_line' id='line_1_36' title="bbox 150 4267 1518 4382; baseline 0.002 -29"><span class='ocrx_word' id='word_1_293' title='bbox 150 4301 337 4360; x_wconf 84' lang='lat' dir='ltr'><strong>conatum</strong></span> <span class='ocrx_word' id='word_1_294' title='bbox 351 4272 583 4370; x_wconf 79' lang='lat' dir='ltr'><strong>conferant,</strong></span> <span class='ocrx_word' id='word_1_295' title='bbox 600 4305 683 4370; x_wconf 85' lang='lat' dir='ltr'><strong>non</strong></span> <span class='ocrx_word' id='word_1_296' title='bbox 702 4300 839 4370; x_wconf 82' lang='lat' dir='ltr'><strong>tamen</strong></span> <span class='ocrx_word' id='word_1_297' title='bbox 852 4275 1036 4354; x_wconf 89' lang='lat' dir='ltr'><strong>omnium</strong></span> <span class='ocrx_word' id='word_1_298' title='bbox 1048 4268 1209 4382; x_wconf 83' lang='lat' dir='ltr'><strong>aequalis</strong></span> <span class='ocrx_word' id='word_1_299' title='bbox 1222 4267 1282 4353; x_wconf 88' lang='lat' dir='ltr'><strong>est</strong></span> <span class='ocrx_word' id='word_1_300' title='bbox 1294 4269 1429 4370; x_wconf 84' lang='lat' dir='ltr'><strong>labor,</strong></span> <span class='ocrx_word' id='word_1_301' title='bbox 1443 4301 1518 4358; x_wconf 87' lang='lat' dir='ltr'><strong>aut</strong></span> 
     </span>
     <span class='ocr_line' id='line_1_37' title="bbox 147 4384 1514 4504; baseline 0 -34"><span class='ocrx_word' id='word_1_302' title='bbox 147 4405 216 4500; x_wconf 83' lang='lat' dir='ltr'><strong>&#39;par</strong></span> <span class='ocrx_word' id='word_1_303' title='bbox 232 4389 491 4477; x_wconf 86' lang='lat' dir='ltr'><strong>inmovendo</strong></span> <span class='ocrx_word' id='word_1_304' title='bbox 501 4389 735 4483; x_wconf 72' lang='lat' dir='ltr'><strong>efficacitast</strong></span> <span class='ocrx_word' id='word_1_305' title='bbox 748 4394 843 4504; x_wconf 74' lang='lat' dir='ltr'><strong>quia</strong></span> <span class='ocrx_word' id='word_1_306' title='bbox 855 4419 938 4472; x_wconf 91' lang='lat' dir='ltr'><strong>non</strong></span> <span class='ocrx_word' id='word_1_307' title='bbox 950 4384 1172 4472; x_wconf 81' lang='lat' dir='ltr'><strong>secunditm</strong></span> <span class='ocrx_word' id='word_1_308' title='bbox 1183 4387 1354 4471; x_wconf 83' lang='lat' dir='ltr'><strong>eandem</strong></span> <span class='ocrx_word' id='word_1_309' title='bbox 1370 4388 1514 4471; x_wconf 85' lang='lat' dir='ltr'><strong>Ratio·</strong></span> 
     </span>
     <span class='ocr_line' id='line_1_38' title="bbox 151 4495 1531 4618; baseline -0.001 -30"><span class='ocrx_word' id='word_1_310' title='bbox 151 4531 239 4588; x_wconf 84' lang='lat' dir='ltr'><strong>nem</strong></span> <span class='ocrx_word' id='word_1_311' title='bbox 255 4505 502 4618; x_wconf 85' lang='lat' dir='ltr'><strong>fingulorum</strong></span> <span class='ocrx_word' id='word_1_312' title='bbox 514 4537 712 4590; x_wconf 87' lang='lat' dir='ltr'><strong>remorum</strong></span> <span class='ocrx_word' id='word_1_313' title='bbox 724 4505 941 4617; x_wconf 82' lang='lat' dir='ltr'><strong>longitudo</strong></span> <span class='ocrx_word' id='word_1_314' title='bbox 956 4508 999 4584; x_wconf 94' lang='lat' dir='ltr'><strong>in</strong></span> <span class='ocrx_word' id='word_1_315' title='bbox 1014 4528 1146 4614; x_wconf 87' lang='lat' dir='ltr'><strong>partes</strong></span> <span class='ocrx_word' id='word_1_316' title='bbox 1161 4495 1183 4583; x_wconf 74' lang='lat' dir='ltr'><strong>l</strong></span> <span class='ocrx_word' id='word_1_317' title='bbox 1198 4495 1348 4585; x_wconf 86' lang='lat' dir='ltr'><strong>scalmo</strong></span> <span class='ocrx_word' id='word_1_318' title='bbox 1364 4501 1514 4587; x_wconf 79' lang='lat' dir='ltr'><strong>distin·</strong></span> <span class='ocrx_word' id='word_1_319' title='bbox 1529 4553 1531 4561; x_wconf 93' lang='lat'>·</span> 
     </span>
     <span class='ocr_line' id='line_1_39' title="bbox 151 4613 1515 4742; baseline -0.001 -37"><span class='ocrx_word' id='word_1_320' title='bbox 151 4617 282 4726; x_wconf 84' lang='lat' dir='ltr'><strong>guitur</strong></span> <span class='ocrx_word' id='word_1_321' title='bbox 291 4619 491 4739; x_wconf 62' lang='lat' dir='ltr'><strong>,sedquia</strong></span> <span class='ocrx_word' id='word_1_322' title='bbox 506 4629 651 4738; x_wconf 79' lang='lat' dir='ltr'><strong>puppis</strong></span> <span class='ocrx_word' id='word_1_323' title='bbox 663 4619 781 4712; x_wconf 88' lang='lat' dir='ltr'><strong>altior</strong></span> <span class='ocrx_word' id='word_1_324' title='bbox 797 4619 878 4718; x_wconf 86' lang='lat' dir='ltr'><strong>est,</strong></span> <span class='ocrx_word' id='word_1_325' title='bbox 891 4629 933 4708; x_wconf 72' lang='grc' dir='ltr'><strong>δι</strong></span> <span class='ocrx_word' id='word_1_326' title='bbox 945 4613 1116 4727; x_wconf 85' lang='lat' dir='ltr'><strong>spatium</strong></span> <span class='ocrx_word' id='word_1_327' title='bbox 1126 4615 1368 4730; x_wconf 83' lang='lat' dir='ltr'><strong>angustum,</strong></span> <span class='ocrx_word' id='word_1_328' title='bbox 1383 4622 1515 4742; x_wconf 67' lang='lat' dir='ltr'><strong>maj-or</strong></span> 
     </span>
    </p>
   </div>
   <div class='ocr_carea' id='block_1_3' title="bbox 0 0 1888 5270">
    <p class='ocr_par' dir='ltr' id='par_1_5' title="bbox 0 0 1888 5270">
     <span class='ocr_line' id='line_1_40' title="bbox 0 0 1888 5270; baseline 0 1"><span class='ocrx_word' id='word_1_329' title='bbox 0 0 1888 5270; x_wconf 95' lang='lat' dir='ltr'><strong> </strong></span> 
     </span>
    </p>
   </div>
  </div>
 </body>
</html>
