3868 5270
401 226 519 368 ‘6¹42
735 266 742 282 ·
795 244 800 253 '
848 203 1306 326 'Mecbanicarum

405 366 614 510 fipentur's
633 377 702 467 alii
717 381 779 468 ita·
797 372 913 494 spissis
941 371 1286 486 cumpadionibus
1308 367 1487 472 solidati,
1505 399 1552 458 ut
1570 401 1711 490 neque
1738 371 1790 463 ab

407 499 714 624 tempestatibus
728 559 739 595 ,
754 525 888 612 neque
903 493 953 576 ab
966 491 1071 604 ignis
1085 489 1344 574 vehementis
1359 497 1528 574 timeant
1541 528 1550 571 ι
1563 495 1622 574 lta
1636 497 1791 606 pariter

408 628 519 714 inter
538 621 649 732 ligna
664 613 740 700 alia
750 611 835 696 aliis
850 607 1033 692 solidiora
1050 604 1153 702 sttnt,
1172 615 1213 690 &
1231 633 1358 687 unum
1372 621 1451 722 pra
1465 605 1716 691 aliosacilibs
1728 609 1791 694 est

412 739 546 836 filsrle,
565 758 684 848 prout
707 713 911 845 particblae
931 745 1220 838 componentes
1246 720 1467 818 craffiores,
1482 749 1551 803 aut
1568 729 1791 818 tenuiores,

411 856 506 945 sunt
520 853 650 961 magis
669 875 739 930 aut
767 841 901 925 minus
917 837 1115 952 exquifit‘e
1134 833 1330 950 permistae
1353 899 1364 935 ,
1388 863 1514 949 atque
1536 836 1690 935 nimio,
1711 840 1795 922 five

412 971 602 1061 modico,
625 963 705 1046 srve
721 983 943 1072 temperato
957 957 1127 1040 humore
1142 979 1363 1050 concreta,
1378 963 1420 1038 bt
1438 979 1555 1065 prout
1573 953 1687 1058 juxta
1712 953 1793 1037 lia-

413 1093 572 1176 minum
588 1081 756 1164 dudum
773 1135 784 1172 ,
803 1099 873 1156 aut
895 1069 962 1152 illa
983 1069 1151 1182 oblique
1174 1063 1377 1164 secando,
1404 1066 1627 1150 instituitur
1648 1067 1792 1153 sciffio.

413 1209 520 1288 Sunt
551 1223 688 1279 autem
716 1217 883 1304 corpora
909 1181 977 1270 illa
1018 1191 1244 1297 (quantum
1270 1185 1436 1296 quidem
1464 1183 1517 1266 ad
1553 1180 1795 1297 presentem

413 1311 693 1403 tradationem
713 1303 884 1419 spestatl
904 1293 1079 1416 partium
1105 1296 1340 1411 separationi
1365 1295 1568 1383 difficilibs
1594 1297 1790 1397 obnoxia,

414 1458 591 1552 quorum
613 1423 779 1507 materia
800 1425 855 1502 ita
880 1414 1006 1530 probi:
1033 1411 1191 1498 subat‘ia
1205 1411 1288 1512 est,
1312 1441 1512 1496 uteorum
1529 1411 1735 1499 elementa
1750 1419 1794 1497 in

407 1537 692 1636 'minutilfimas
706 1530 917 1650 particulas
934 1529 1115 1627 concisa,
1131 1539 1172 1614 bc
1194 1528 1304 1644 quast
1326 1529 1536 1614 individua
1554 1528 1796 1643 corpuscula

418 1671 463 1750 in
479 1687 603 1746 unam
624 1681 807 1737 naturam
824 1643 1103 1730 inobservabili
1121 1644 1379 1758 permistione
1391 1671 1608 1750 temperata
1623 1646 1792 1729 coalue-

411 1785 501 1864 'rint
521 1769 570 1858 ei
589 1767 747 1853 tantiam
764 1765 945 1849 humoris
966 1759 1106 1876 copis,
1126 1789 1216 1874 quae
1230 1756 1318 1842 satis
1337 1759 1458 1843 fuerit
1469 1762 1521 1844 ad
1534 1759 1602 1844 illa
1621 1761 1794 1846 firmiter

414 1884 724 2008 agglutinanda.
752 1884 813 1965 Ex
831 1909 914 1994 quo
932 1879 997 1972 fit,
1013 1905 1057 1959 ut
1071 1872 1305 1982 hujusmodi
1322 1903 1489 1990 corpora
1504 1873 1688 1960 solidiora
1704 1877 1794 1973 fint,

420 1999 635 2116 mintisque
657 1993 890 2110 conspicuas
907 1989 1121 2075 inanitates
1136 1993 1376 2088 admittant,
1396 2017 1518 2105 atque
1545 1990 1747 2106 proinde,
1767 1993 1794 2073 fi

361 2151 363 2156 ’
417 2117 701 2234 expoliantur,
717 2106 970 2226 superficiem
996 2107 1167 2190 induant
1186 2105 1327 2189 laevern
1349 2117 1392 2192 ἃ
1409 2107 1592 2222 undique
1610 2107 1791 2224 aequabi-

422 2235 504 2324 lem
515 2269 526 2316 r
537 2233 581 2316 id
595 2229 706 2341 quod
722 2229 872 2310 caretis
882 2253 966 2307 non
980 2223 1129 2305 accidit
1141 2284 1151 2320 ,
1164 2251 1336 2337 quorum
1350 2221 1553 2338 particulae
1566 2222 1793 2339 frequenti·

421 2349 501 2438 bus
516 2345 695 2434 hiatibus
721 2337 915 2424 intercisae
934 2399 945 2436 ,
964 2337 1058 2422 clun
1079 2337 1165 2420 aliae
1183 2337 1528 2450 emineantxaliae
1546 2336 1794 2454 superentur,
1910 2415 1911 2432 ,

424 2463 578 2578 semper
589 2457 742 2573 aliquid
753 2453 931 2540 habeant
942 2450 1535 2567 asperitatisrqucmadmodurn
1548 2457 1796 2540 animadver·

421 2607 512 2665 tere
526 2574 695 2694 poterit,
714 2567 892 2687 quisquis
904 2569 1053 2682 lapides
1069 2597 1166 2652 curn
1177 2569 1440 2654 marmoribus
1451 2577 1755 2686 comparaverit.

488 2693 728 2805 Siigiturex
741 2681 865 2770 solido
879 2683 1334 2798 corporeavellendaest
1343 2685 1537 2798 particula
1551 2687 1797 2802 aliqua,haec
1909 2723 1910 2748 r

425 2809 584 2926 istique
604 2802 875 2918 disjungenda
891 2799 949 2883 est
970 2796 994 2881 d
1018 2797 1369 2882 circumstantibus
1389 2801 1622 2914 particulis,
1650 2802 1796 2918 qtiibus

428 2925 716 3039 conjungitur,
731 2947 864 3032 neque
878 2911 965 2998 fieri
980 2913 1131 3028 potell,
1144 2943 1188 2998 ut
1199 2913 1265 2996 illa
1282 2943 1518 3014 moveatur,
1536 2927 1638 3031 quin
1659 2921 1794 3032 proxi·
1908 3007 1909 3016 ι

417 3069 585 3132 marum
607 3031 894 3152 particularum
917 3030 1004 3112 aliae
1034 3033 1160 3111 motui
1180 3030 1370 3141 opposrtae
1395 3031 1687 3144 impellantur,
1710 3033 1798 3115 alia

429 3155 704 3244 distrahantur
723 3179 735 3240 ς
757 3173 898 3228 omnes
911 3173 1047 3227 autern
1063 3143 1171 3255 aegrb
1192 3141 1215 3227 al
1239 3143 1343 3226 statu
1361 3143 1430 3227 srbi
1445 3147 1664 3231 secundlrm
1680 3177 1793 3231 natu-

430 3300 516 3357 ram
529 3265 670 3352 debito
686 3263 922 3345 recedentes
946 3255 1205 3371 repugnanti
1230 3257 1316 3372 qud
1331 3255 1431 3344 verb
1445 3258 1578 3374 plures
1594 3263 1798 3378 particule

316 3411 321 3418 ·
430 3383 515 3470 vim
533 3379 662 3464 subire
677 3369 957 3486 coguntur,eb
973 3377 1098 3481 major
1109 3371 1166 3456 est
1177 3373 1398 3462 resistentia
1409 3377 1583 3485 plurium
1599 3378 1706 3491 quast
1720 3379 1799 3462 col-

431 3501 521 3586 latis
534 3494 685 3580 viribus
702 3491 815 3574 fimul
834 3492 1164 3604 repugnantiurn.'
1186 3491 1302 3572 Hinc
1320 3491 1346 3571 fi
1361 3491 1522 3575 duriora
1536 3491 1647 3606 ligna
1663 3491 1800 3577 secan-

432 3619 486 3702 da
498 3606 744 3706 offerantur,
763 3601 1061 3720 potiorestusus
1076 3601 1289 3688 subtilioris
1301 3602 1411 3689 serrae
1422 3613 1598 3690 minutos
1610 3611 1801 3693 denticu-

433 3729 494 3817 los
510 3723 720 3814 habcntis3
735 3719 1043 3833 quiavidelicet,
1057 3713 1142 3833 qub
1158 3719 1300 3805 exilior
1311 3749 1433 3836 atque
1444 3723 1689 3806 subtiliorest
1700 3725 1800 3810 derr-

418 3841 609 3936 siculus,
622 3839 820 3920 minorem
834 3834 1070 3947 particulam
1082 3833 1244 3918 obviam
1256 3835 1402 3936 habet,
1414 3867 1535 3950 quam
1550 3839 1741 3952 impellat,
1760 3852 1803 3926 dc

369 4035 385 4062 Ι
432 3960 645 4078 pauciores
668 3951 900 4064 particulae,
931 3949 955 4034 d
975 3946 1121 4064 quibus
1143 3947 1340 4065 separetur
1360 4011 1372 4048 ,
1401 3953 1509 4036 illam
1532 3954 1804 4047 circunstants

436 4073 617 4185 ideoque
635 4065 686 4150 ab
697 4063 746 4149 iis
764 4063 919 4151 facilibs
937 4061 1141 4160 avellitur,
1165 4062 1286 4181 qualm
1301 4071 1498 4180 particula
1511 4073 1661 4185 major,
1682 4065 1808 4184 quaeri
1904 4127 1905 4146 ,

435 4187 620 4304 pluribus
631 4182 900 4292 disjungenda
913 4174 1021 4264 esset.
1052 4183 1206 4266 Contra
1219 4181 1318 4268 verb
1334 4213 1508 4296 quorum
1527 4183 1731 4297 particula:
1742 4185 1804 4268 le-

437 4305 482 4394 vi
497 4295 666 4416 impulsu
678 4295 944 4392 divelluntur,
958 4301 1054 4406 quia
1068 4327 1150 4380 non
1163 4293 1268 4382 aded
1284 4301 1388 4383 dura
1400 4298 1514 4398 sunt,
1530 4301 1711 4384 crassiore
1726 4298 1806 4384 ser-
1903 4377 1904 4386 ,

438 4413 610 4504 rifacilb
629 4409 834 4508 secantur,
853 4439 941 4523 quae
955 4415 998 4490 in
1008 4410 1242 4498 durioribus
1252 4415 1442 4520 majorem
1456 4413 1718 4499 refistenoam
1738 4415 1805 4498 in·

420 4537 607 4618 ueniens
620 4525 761 4641 parirm
776 4526 883 4610 utilis
898 4522 1115 4610 accideret.
1141 4529 1390 4616 Haecautem
1411 4531 1556 4616 inlimi.
1574 4537 1724 4646 pariter
1735 4529 1808 4614 ob·

439 4645 586 4738 servari
599 4633 787 4766 polluutr
805 4645 1050 4762 quimenim
1059 4643 1447 4766 diffipariasperitatc
1458 4677 1560 4765 opus
1571 4646 1632 4736 est
1643 4641 1805 4739 infima

474 4794 482 4801 ·
1722 4787 1805 4878 qua
1901 4855 1902 4860 r
