3780 5270
357 227 458 374 536
826 207 1246 330 Mecianicorvm

357 413 482 499 quern
502 383 547 468 in
572 404 686 466 motu
702 375 973 467 convolvitur.
1015 379 1224 491 Qoniam
1244 369 1343 460 verb
1360 389 1599 490 tympanum
1619 377 1660 462 Ο
1676 405 1724 466 ex

358 497 576 616 hypothesi
592 494 728 582 diame
748 523 837 578 rum
849 494 975 580 habet
990 491 1257 608 quadruplam
1267 493 1453 578 diametri
1471 488 1528 576 sui
1543 493 1644 578 Axis
1655 493 1724 582 EF

298 633 302 641 '
359 613 524 729 ejusque
535 639 668 698 motus
680 519 966 700 elladmorurn
983 607 1037 694 sui
1052 606 1425 724 Axisqnadruplus,
1437 605 1546 692 funis
1556 609 1724 715 circum-

361 730 533 848 plicatus
547 755 740 842 tympano
761 727 803 810 Ο
822 722 1069 840 quadruplus
1082 723 1278 822 estfunis,
1296 727 1368 838 qui
1387 721 1497 808 cirta
1514 725 1648 812 Auem
1663 727 1727 816 EF

362 843 633 941 convolvitur,
648 871 695 928 ac
710 869 920 956 propterea
929 845 1052 925 etiam
1064 838 1303 954 vigecuplus
1316 837 1424 924 funis
1442 843 1485 924 D
1498 842 1727 944 Pradeout,

362 963 433 1048 ubi
449 988 556 1045 torus
566 957 674 1044 funis
684 955 870 1040 evolutus
884 954 1028 1052 fuerit,
1038 982 1161 1070 atque
1171 959 1284 1038 'circa
1294 983 1412 1040 axem
1426 956 1469 1036 H
1484 957 1525 1040 G
1537 959 1730 1044 convolu-

355 1103 442 1174 tus,
453 1074 611 1190 pondus
621 1069 819 1156 sublatum
829 1077 956 1186 ulque
970 1077 1014 1156 in
1030 1073 1073 1156 D
1086 1068 1346 1180 intelligatur.
1367 1073 1429 1154 Ex
1440 1101 1523 1185 quo
1534 1071 1580 1158 lit
1593 1101 1730 1188 poten,

362 1197 460 1276 tiam
474 1186 687 1274 manubrio
704 1184 1045 1301 ILapplrcatam,
1060 1190 1157 1302 quia
1176 1187 1246 1272 IG
1262 1183 1479 1297 longitudo
1490 1186 1550 1272 est
1562 1196 1729 1302 quintu·

362 1305 429 1424 pla
444 1303 725 1400 ssmidiametri
739 1303 840 1388 Axis
862 1303 902 1391 G
917 1304 986 1402 H,
1000 1302 1136 1392 adbuc
1152 1300 1297 1416 quintu
1303 1301 1370 1416 plo
1382 1301 1563 1395 velocibs
1580 1305 1732 1392 moveri

324 1493 332 1508 ,
362 1419 488 1540 quim
503 1447 740 1535 tympanum
757 1420 822 1516 O,
838 1419 952 1526 cujus
962 1443 1120 1504 motum
1134 1421 1300 1502 metitur
1313 1415 1495 1503 evolutio
1513 1417 1624 1505 funis
1637 1419 1734 1510 illud

365 1531 755 1652 circumpleilentisr
770 1561 893 1650 atque
917 1533 1069 1620 idcirco
1092 1531 1278 1618 Potentia
1298 1537 1342 1616 in
1359 1535 1376 1616 1
1392 1561 1580 1618 movetur
1590 1565 1733 1622 centu.

356 1651 435 1770 ‘plo
444 1649 623 1740 velocius
632 1645 756 1764 quaint
764 1650 923 1762 pondus
933 1653 977 1733 P.
992 1648 1516 1764 Qrarefiadhucquartum
1526 1653 1660 1736 Artem
1669 1655 1735 1746 ad·

367 1768 466 1854 dere
485 1791 713 1881 oporteret,
732 1773 777 1856 δι
798 1762 889 1852 loto
906 1765 1108 1872 manubrii
1130 1765 1200 1848 Gr
1225 1791 1461 1876 tympanum
1475 1761 1545 1848 suo
1557 1764 1661 1854 fune
1673 1774 1734 1854 in·

367 1887 563 1968 structum
574 1877 974 1995 apponeretur,funis
986 1877 1056 1966 ille
1069 1872 1167 1968 eliet
1182 1880 1300 1992 ipsius
1316 1881 1402 1965 PD
1422 1880 1640 1996 centuplus
1651 1917 1664 1976 ς
1676 1912 1734 1968 at.

350 1999 449 2114 'que
470 2002 528 2081 ita
542 1997 734 2111 deinceps
754 2023 828 2109 pro
851 2022 1134 2111 tympanorum
1155 2003 1198 2080 δι
1221 1997 1374 2080 Axium
1400 1993 1735 2111 multiplicatione

255 2199 259 2204 ,
364 2117 481 2228 juxta
500 2107 747 2224 singulorum
762 2115 979 2198 Rationem
991 2138 1209 2226 augeretur
1223 2109 1385 2198 funium
1397 2109 1627 2224 longitudo.

428 2225 584 2316 Verum
603 2255 676 2343 pro
697 2213 809 2334 tenid
823 2223 986 2314 funium
1007 2225 1265 2339 longitudine
1286 2254 1371 2310 non
1385 2223 1442 2310 est
1455 2252 1737 2344 tympanorum
1771 2303 1774 2310 ,
1868 2261 1869 2276 ¹

366 2341 495 2432 limbo
508 2345 684 2428 enormis
699 2339 1216 2476 amplitudotribuendamt
1230 2369 1299 2426 eos
1313 2345 1447 2488 capiat
1454 2349 1579 2456 aquia
1590 2341 1739 2431 scilicet
1868 2399 1869 2414 ι

306 2531 310 2544 .
365 2453 454 2575 qud
474 2455 678 2568 longiores
689 2485 915 2570 exiguntur
924 2454 1155 2564 hujusmodi
1170 2454 1309 2554 funes,
1326 2485 1378 2542 eo
1395 2483 1519 2542 ettam
1537 2465 1738 2548 tenuiores

367 2601 492 2688 etque
506 2570 690 2656 exiliores
700 2566 777 2658 elle
789 2567 951 2689 poliunt
962 2609 973 2658 r
986 2573 1027 2656 si
1040 2575 1152 2656 enirn
1163 2570 1272 2656 funis
1290 2575 1374 2658 Dl’
1392 2577 1504 2657 oneri
1519 2573 1739 2664 attollendo
1868 2585 1869 2607 ³

276 2697 279 2706 '
371 2683 614 2804 parconstat
635 2685 827 2776 funiculis
851 2686 1047 2772 contortis
1070 2689 1248 2772 invicem
1268 2717 1331 2772 ex.
1341 2715 1400 2800 gr.
1420 2716 1613 2791 centum,
1635 2692 1738 2784 funis
1867 2775 1868 2814 ,

371 2801 445 2922 qui
454 2830 692 2918 tympanum
708 2803 1049 2917 Acomplettitur,
1064 2831 1147 2886 non
1161 2797 1234 2884 nist
1250 2806 1435 2920 quintam
1453 2806 1648 2920 ponderis
1658 2837 1739 2921 par-
1867 2833 1868 2850 ¹

372 2945 457 3004 tem
471 2917 718 3001 resistentem
738 2915 884 3016 habet,
904 2919 984 3002 hoe
1001 2916 1062 3003 est
1076 2915 1205 3032 ipsum
1222 2917 1380 3032 pondus
1402 2921 1433 3005 P
1452 2919 1740 3036 lirbquintuplo

373 3035 531 3120 minore
548 3029 769 3140 resistentirl
790 3059 833 3116 re
863 3059 1019 3146 ugnans
1040 3038 1231 3148 potentiae
1249 3061 1322 3147 per
1337 3059 1575 3148 tympanum
1592 3042 1631 3128 A
1649 3043 1738 3128 teti-

374 3149 577 3234 nentitac
590 3145 760 3262 proinde
775 3145 804 3230 st
822 3059 983 3242 lirnium
1004 3147 1234 3234 firmitatem
1255 3147 1531 3236 funiculorum
1552 3181 1739 3242 numerus

373 3267 552 3362 metitur,
564 3259 652 3345 satis
664 3261 819 3349 validus
833 3267 909 3346 erit
919 3261 1026 3349 funis
1039 3261 1225 3358 constans
1238 3294 1288 3349 ex
1298 3263 1490 3350 funiculis
1502 3267 1666 3380 viginti.
1685 3271 1740 3356 Si-

373 3375 524 3466 militer
535 3376 643 3463 funis
656 3377 926 3496 complesttns
938 3405 1176 3494 tympanum
1193 3383 1235 3464 O
1247 3378 1372 3494 ,quia
1387 3381 1547 3492 pondus
1561 3383 1739 3470 relisttn-
1866 3387 1867 3400 ²

376 3497 474 3579 tiam
488 3487 778 3609 subrigecuplo
787 3491 986 3580 minorem
1002 3493 1140 3594 habet,
1150 3491 1240 3578 satis
1252 3493 1391 3586 firmus
1402 3494 1648 3598 censebitur,
1658 3501 1739 3586 srex

373 3608 561 3724 quinque
579 3607 770 3693 funiculis
794 3611 973 3696 invicem
989 3613 1184 3698 contortis
1202 3609 1416 3700 confletur.
1452 3615 1581 3727 Qud
1596 3616 1623 3696 st
1641 3616 1740 3730 justo

374 3729 580 3808 tenuiores
594 3727 734 3810 timeas
752 3723 980 3836 hujusnrodi
998 3723 1129 3820 fimes,
1144 3723 1283 3810 licebit
1294 3727 1431 3812 adhuc
1445 3725 1570 3841 pauli>
1586 3733 1737 3816 craffio·

272 3879 276 3887 ·
376 3869 440 3924 tes
458 3837 664 3925 adhibere.
706 3839 813 3926 Illud
826 3840 938 3928 certi
953 3839 1214 3932 manifestum
1224 3839 1285 3932 est
1302 3840 1432 3928 multo
1442 3841 1623 3936 minores·
1639 3843 1738 3936 suffi-

378 3983 493 4053 cere,
512 3950 635 4070 qualm
652 3955 698 4041 stt
719 3955 825 4040 funis
847 3959 890 4040 D
903 3961 948 4042 P.

436 4073 505 4156 Ne
521 4098 657 4154 autern
681 4070 881 4186 tympanis
899 4071 1013 4158 limbi
1035 4073 1343 4190 amplitudinem
1357 4073 1466 4164 funis
1480 4075 1742 4166 circtatndutii

377 4215 424 4272 ca
452 4215 568 4270 actm
579 4186 732 4272 temeti:
745 4188 977 4285 constituas,
991 4189 1238 4302 singulorum
1254 4191 1637 4281 funiumtralirtudo
1649 4229 1743 4282 con·
1864 4195 1865 4212 '

378 4214 585 4388 litieranda
597 4299 669 4398 est,
685 4330 730 4384 ut
743 4331 884 4386 eorum
897 4304 1093 4390 diameter
1104 4303 1340 4408 innotescat,
1351 4319 1390 4396 δι
1405 4308 1676 4422 longitudinis
1686 4343 1741 4400 ra·

283 4503 293 4524 ‚
377 4413 637 4500 tionehabitrl
658 4414 1048 4532 spirarumnurnerus
1063 4426 1316 4524 inveniatur,
1332 4452 1536 4540 perquem
1549 4429 1669 4516 duila
1682 4428 1742 4514 lir-

223 4634 236 4644 .
378 4535 439 4619 nis
457 4533 653 4618 diameter
678 4532 792 4618 dabit
815 4529 1072 4620 netellariam
1090 4535 1207 4626 limbi
1236 4543 1578 4654 amplitudinemr
1600 4573 1690 4657 qutt
1713 4541 1740 4625 st

351 4703 357 4711 -
374 4646 482 4760 justo
492 4643 627 4732 minor
638 4641 734 4734 eli‘et
749 4651 927 4769 primum
939 4649 1130 4768 spirarum
1141 4651 1328 4744 ordinem
1344 4653 1544 4744 secundus
1558 4662 1659 4747 ordo
1669 4662 1738 4744 cir·

1438 4865 1444 4871 ,
1468 4772 1733 4888 ςυιῃρῐεᾶοκ
