3808 5262
493 221 653 342 Liber
658 219 919 374 secundm.
971 227 1184 346 CAPuT
1209 231 1283 344 X.
1464 275 1571 374 217

190 395 306 480 rioris
324 387 589 490 semicirculi,
604 385 645 480 δέ
663 393 706 476 ἰιι
722 392 912 476 anteriori
929 392 1169 510 Qadrante
1184 391 1389 478 inferioris
1398 380 1575 482 semicic-

187 511 302 609 culi,
332 506 557 626 progreffus
585 507 795 593 addendus
815 567 827 606 ,
851 534 923 592 aut
942 503 1137 621 regreffus
1154 510 1382 596 demendus
1402 573 1415 608 ,
1440 518 1576 602 motui

185 631 349 724 centri,
368 623 596 712 mensuram
609 621 782 710 desumit
805 652 858 708 ex
879 624 1055 710 Sinubus
1077 625 1236 726 Versu,
1258 653 1328 712 aut
1353 655 1404 710 ex
1430 658 1574 718 eonun

182 739 448 838 differentid,
463 771 536 856 pro
551 769 596 826 ut
611 741 750 856 pundi
772 766 906 824 motus
921 735 1141 826 ascendens
1157 769 1229 826 aut
1240 738 1490 830 descendens
1504 749 1572 830 in-

182 863 292 974 cipit
313 857 366 944 ab
387 861 641 944 extremitate
657 855 929 974 Qadrantis,
953 883 1024 941 aut
1051 852 1077 940 a
1098 856 1191 942 loco
1207 859 1366 956 medio,
1387 887 1434 942 ut
1451 859 1575 948 facile
1670 891 1676 906 ·

184 980 344 1092 cuique
365 974 522 1060 constat
541 1011 550 1057 ε
568 1003 704 1088 neque
723 976 835 1058 enim
863 967 1026 1057 schema
1046 971 1260 1088 multiplici
1274 971 1476 1062 linearum
1486 973 1592 1074 des-¹

184 1097 393 1208 criptione
416 1091 467 1176 ad
479 1089 760 1175 confusrontm
771 1086 939 1203 implere
951 1117 1081 1204 opetae
1099 1093 1275 1206 pretium
1287 1089 1382 1182 est..

249 1211 363 1293 Cum
387 1209 525 1322 itaque
546 1210 590 1290 in
615 1203 806 1320 oppositis
826 1203 1134 1315 Quadrantibus
1160 1205 1328 1292 similem
1346 1203 1575 1295 mensuram

186 1326 391 1440 recipiant
407 1328 658 1408 incrementa
680 1347 802 1435 atque
816 1320 1078 1407 decrementa
1095 1317 1179 1406 sive
1196 1316 1219 1404 ὲ
1236 1321 1402 1409 finubus
1420 1327 1574 1423 Redis,

188 1441 275 1528 five
305 1436 330 1523 l
357 1437 518 1536 verus,
546 1437 734 1524 addenda
762 1463 836 1519 aut
862 1434 1064 1522 demenda
1092 1439 1224 1521 motui
1254 1443 1384 1524 centri
1406 1499 1418 1538 ,
1438 1444 1573 1524 mani-

187 1555 341 1644 festum
354 1551 415 1638 cst
430 1557 627 1669 punstum
644 1550 857 1669 quodlibet
881 1554 926 1638 in
949 1547 1107 1666 integri
1125 1554 1390 1640 conversrone
1407 1553 1576 1642 demiror

186 1663 442 1790 progreffum
457 1664 573 1756 fuiss'e
587 1675 672 1787 pari
689 1663 873 1755 menlurtl
889 1697 988 1752 cum
1000 1683 1116 1754 'motu
1130 1673 1273 1786 centri.
1318 1671 1360 1756 si
1374 1673 1487 1755 enim
1499 1669 1577 1756 Al·

221 1785 362 1876 ebriet
377 1784 572 1872 statuatur
588 1813 723 1870 motus
742 1787 888 1870 Centri
907 1785 971 1883 Z,
989 1789 1289 1874 incrementum
1308 1789 1356 1870 in
1371 1785 1414 1871 fu
1470 1791 1577 1872 riom

185 1815 445 1992 {mutulo
456 1903 692 1988 addendum
707 1904 771 1984 †A
787 1961 798 2000 ,
811 1901 1119 1986 decrementum
1134 1904 1177 1984 in
1192 1901 1384 1988 inferiore
1397 1815 1576 1986 limitu-

187 2019 288 2124 culp
303 2018 531 2102 tollendum
544 2061 581 2082 -
595 2021 657 2112 At
674 2013 933 2100 manifestum
946 2015 1006 2102 cst
1027 2045 1160 2102 totum
1172 2046 1355 2118 motum,
1370 2022 1442 2134 qui
1457 2045 1573 2104 com-

186 2140 385 2256 ponitur,
401 2131 438 2220 Z
458 2137 523 2219 †A
540 2136 627 2218 -A
643 2163 728 2217 rron
741 2115 821 2218 elle
836 2129 909 2215 nili
931 2129 980 2216 Z.

249 2253 332 2339 His
349 2255 406 2334 ita
421 2247 652 2354 constitutis
669 2309 681 2350 ‚
704 2277 797 2364 quan
818 2249 876 2330 ita
894 2246 1002 2332 clara
1017 2243 1134 2350 sunt,
1159 2276 1207 2334 ut
1224 2246 1330 2335 nihil
1344 2247 1586 2336 habentui-1

180 2363 667 2463 deanturdubitationis',
680 2367 814 2448 necin
828 2361 1143 2450 controversiam
1155 2367 1293 2452 vocari
1310 2393 1475 2482 queant,
1491 2369 1585 2479 jam.

181 2481 435 2572 eximendus
452 2479 513 2564 est
526 2477 735 2597 serupulus
749 2539 762 2578 ,
778 2507 903 2595 quem
920 2477 1301 2596 philosophantibus
1323 2484 1464 2596 injecit
1484 2485 1577 2566 Ari-

186 2597 353 2686 stotcles
369 2597 607 2682 Mechanic.
627 2593 764 2714 quae'st.
781 2625 845 2704 24.
868 2595 922 2680 de
948 2594 1195 2682 circulorum
1220 2602 1577 2684 ooncentricorum

184 2738 329 2813 motu,
346 2713 512 2830 quando
524 2711 625 2800 alter
634 2713 687 2800 ad
697 2709 860 2798 alterius
875 2739 1035 2800 motum
1049 2741 1236 2832 promoto
1251 2717 1464 2801 communi
1478 2741 1579 2816 ceu-a

186 2861 257 2918 too
295 2857 496 2915 movetur.
548 2832 608 2916 Sit

185 2951 305 3036 enim
325 2947 609 3058 majot.circu·'

183 3065 283 3162 lus,
307 3065 424 3174 cujus
449 3061 604 3146 Radius

183 3185 230 3269 C
243 3187 294 3279 B,
307 3181 602 3274 minotaurum,

178 3301 306 3413 cujus
324 3291 479 3380 Radius
495 3295 532 3378 C
551 3297 598 3388 St

180 3442 292 3532 quos
323 3435 494 3524 tangant
524 3435 598 3526 pa-

184 3525 333 3616 rallelae
363 3532 430 3615 BF
448 3535 491 3613 δι
510 3528 600 3624 ST,

182 3641 351 3766 quibus·
366 3647 469 3728 item
493 3644 602 3726 reda

182 3787 463 3880 pertentium
479 3757 601 3842 dusta

178 3873 377 3999 patallcla
403 3874 453 3957 stt
483 3874 598 3972 CO,

178 3989 600 4112 quamvidelicetper·

176 4135 313 4194 currat
383 4131 598 4206 centrum,

176 4223 486 4310 dumtrahitur.
508 4225 598 4308 Ne·

177 4342 274 4456 gari
294 4369 379 4426 non
402 4335 534 4454 potest
551 4341 599 4422 in
643 4365 655 4384 ·
1260 4435 1265 4446 Ι
1306 4386 1311 4401 ,
1586 4410 1590 4418 ,
1700 4433 1703 4440 y

180 4451 268 4546 hic
280 4455 533 4546 circulorum
546 4447 808 4542 tutilone&
827 4445 1091 4536 conversione
1107 4443 1360 4565 peripherias
1377 4443 1464 4538 tiam
1481 4481 1572 4542 ma.
1629 4543 1634 4554 ¹

175 4573 305 4690 jocis,
321 4567 415 4658 tlun
435 4574 604 4659 minoris
630 4563 788 4661 Circuli
812 4561 890 4658 suis
914 4567 1198 4680 Tangentibua
1220 4574 1276 4660 ita
1294 4572 1502 4680 coaptari,
1526 4600 1574 4658 ut

179 4681 288 4796 falli
302 4687 554 4808 Qadrantis
579 4687 666 4775 BD
686 4685 977 4783 converfione‚
997 4681 1067 4766 fiat
1081 4687 1232 4890 paritpr
1249 4686 1497 4808 Quadratus
1516 4691 1572 4776 81

322 4825 327 4832 .
801 4843 812 4860 ,
918 4875 921 4886 .
1225 4829 1255 4894 ε
1478 4826 1484 4836 ·
