3834 5272
391 199 490 330 37³8
819 176 1286 330 ,alemannorum
1366 212 1371 227 “
1430 211 1451 298 ἴ

378 351 427 436 lis
451 341 675 438 secunditm
695 343 868 462 speciem
886 342 1150 456 gravitatibus
1172 341 1413 456 composita,
1441 343 1748 457 intelligendum

376 466 437 552 est
449 530 461 566 ,
473 466 506 548 ‘'sr
521 495 664 550 eorum
679 477 819 548 ce'ntro
837 459 1395 576 giavi't'atiscongruatveclis
1407 459 1646 574 longitudo,
1660 495 1746 550 nam

379 583 567 698 ponderis
579 579 767 664 distantia
778 610 860 664 non
871 578 930 664 est
942 573 1744 667 Aritbmeticemediaintermaximam&

378 698 613 792 minimam,
629 693 695 781 sed
708 693 767 780 est
779 693 1057 791 Intervallum,
1077 693 1189 808 quod
1201 689 1306 774 inter
1322 689 1499 776 fulcrum
1511 703 1745 782 &centrum

369 807 849 932 gravitatisinterjicitut.

440 927 519 1014 Sed
534 925 724 1042 quianon
739 922 829 1012 rarb
838 925 998 1039 pondus
1009 952 1079 1010 aut
1095 925 1199 1009 vesti
1215 951 1346 1008 totum
1356 920 1570 1024 incumbit,
1581 953 1651 1012 aut
1662 927 1744 1043 plu-

361 1045 487 1141 ,ribus
501 1042 693 1130 funiculis
709 1040 1103 1152 firnritenalligatum
1118 1069 1169 1126 ex
1185 1039 1256 1123 illo
1273 1037 1750 1156 suspenditur,propterea

251 1217 257 1224 -
377 1157 673 1246 observandum
691 1158 769 1256 est,
789 1162 831 1264 in
845 1159 956 1270 quod
970 1160 1092 1242 vestis
1112 1159 1309 1268 punitum
1326 1154 1480 1239 incidat
1498 1158 1743 1242 Diretlionis

377 1275 486 1362 linea
504 1305 555 1360 ex
580 1302 721 1366 centro
740 1278 947 1388 gravitatis
971 1269 1160 1388 ponderis
1181 1271 1302 1356 duaa
1317 1306 1329 1364 r
1346 1272 1434 1370 haec
1455 1276 1565 1358 enim
1580 1274 1751 1372 definiet

379 1391 615 1481 distantiam
619 1391 808 1506 ponderis
818 1389 869 1474 ab
886 1387 1199 1503 hypomochli0‚
1212 1396 1253 1474 δί
1266 1387 1308 1470 in
1315 1385 1753 1488 notescentmornenta:

378 1505 526 1626 quibus
548 1505 650 1609 illud
681 1503 822 1589 resistit
845 1507 1037 1619 potentia
1061 1501 1249 1604 elevanti.
1295 1505 1346 1612 id
1369 1505 1480 1618 quod
1507 1534 1580 1618 per
1605 1505 1747 1592 libram

378 1619 593 1740 aequalium
610 1621 882 1722 brachiorum,
895 1626 907 1715 l
920 1651 974 1704 ne
990 1616 1151 1702 illorum
1173 1615 1422 1733 inaequalitas
1437 1617 1612 1734 aliquam
1622 1627 1747 1734 pariat

376 1728 683 1832 difficultatem)
701 1733 889 1820 instituto
902 1731 1125 1849 aequilibrio
1138 1731 1331 1822 facillime
1350 1741 1521 1848 experiri
1533 1741 1683 1850 poteris
1695 1738 1746 1836 ,fi

376 1853 733 1968 larninasligneaS,
753 1851 1050 1966 auametallicas
1065 1912 1075 1943 ,
1093 1849 1138 1934 in
1154 1852 1281 1956 varias
1301 1851 1449 1962 figuras
1466 1851 1745 1958 conformave-
1789 1907 1797 1916 -

375 1977 453 2071 ris,
474 1977 517 2054 in
528 1961 675 2084 quibus
689 1993 875 2052 centrum
887 1967 1092 2080 gravitatis
1102 1972 1319 2049 inventum
1328 1964 1450 2052 fuerit
1461 2027 1474 2066 ,
1490 1977 1531 2052 δι
1545 1973 1602 2052 ita
1616 1967 1748 2078 singu·

374 2088 433 2174 las
443 2083 663 2172 secundum
673 2112 802 2166 unum
818 2080 920 2165 latus
930 2079 1193 2166 immobiliter
1210 2085 1280 2163 uni
1294 2079 1461 2166 brachio
1469 2083 1687 2196 aptaveris,
1703 2113 1749 2166 ut

375 2203 433 2288 illi
459 2226 715 2314 congruant,
741 2226 872 2311 atque
883 2199 929 2280 in
949 2193 1130 2311 oppositi
1150 2191 1242 2308 jugi
1260 2203 1514 2282 extremitate
1536 2201 1749 2320 aequipona

373 2321 489 2406 dium
501 2311 724 2408 addiderim
739 2313 845 2398 fauo
861 2318 973 2397 enim
987 2310 1232 2428 aequilibrio,
1246 2321 1288 2398 ἂ
1298 2309 1748 2428 demisso-perpendicu-

371 2435 413 2520 lo
427 2463 500 2547 per
518 2458 704 2536 centrum
718 2425 925 2541 gravitatis
936 2453 1121 2522 notatum
1137 2423 1386 2526 imbibente,
1400 2429 1633 2544 apparebit,
1652 2429 1745 2516 cui-

372 2580 467 2636 nam
479 2544 589 2632 lib'rae
600 2539 1156 2663 punsiorespondeatsatque
1167 2539 1274 2648 inter
1285 2544 1366 2626 hoc
1377 2549 1744 2658 puncium,&cen-

373 2693 482 2749 trum
499 2659 632 2747 mottis
651 2658 786 2759 librae,
806 2657 996 2745 distantia
1009 2657 1086 2741 erit
1105 2659 1155 2743 ad
1171 2655 1315 2772 reliqui
1331 2655 1485 2774 brachij
1505 2690 1630 2746 totam
1650 2663 1744 2751 lon.

337 2777 934 2894 ‚gitudinemmtaequipondij
948 2771 1122 2900 gravitas
1140 2773 1192 2858 ad
1209 2773 1401 2888 ponderis
1411 2775 1630 2864 examinati
1651 2807 1744 2891 gra·

235 2977 245 2988 .
372 2901 552 2982 vitatem.

433 3011 560 3132 Qod
583 3001 610 3090 st
632 3008 791 3126 pondus
808 3037 859 3096 ex
874 3013 1000 3095 unico
1012 3005 1113 3096 sune
1128 3005 1351 3122 pendulum
1378 3008 1746 3114 adrunaturveai,

371 3123 461 3216 satis
475 3123 631 3210 constat
642 3187 653 3225 ,
664 3157 715 3210 ex
726 3156 810 3242 quo
822 3131 943 3226 verilis
953 3129 1106 3240 punsio
1121 3121 1445 3238 desumiturejus
1454 3127 1669 3232 distantia,
1681 3137 1742 3215 ni·

372 3250 522 3330 mirum
533 3271 584 3326 ex
597 3245 748 3353 punslo
763 3239 1025 3355 suspensionis
1035 3247 1239 3336 ,intentus
1258 3245 1368 3336 enim
1382 3239 1524 3328 funisi
1539 3247 1747 3358 pendente

372 3359 571 3474 gravitate
580 3356 990 3442 lineamDneuionis
1001 3356 1188 3443 ostendit.
1218 3361 1604 3471 Quamvisauremsr
1623 3363 1745 3471 hujus

369 3469 513 3592 punili
534 3473 817 3558 tantummodo
839 3473 941 3555 ratio
962 3470 1190 3570 habeatur,
1209 3475 1353 3558 eadem
1373 3473 1588 3560 uideantur
1608 3479 1747 3564 sutttra

371 3588 560 3706 ponderis
581 3614 815 3686 momenta,
868 3616 1108 3702 uaectunque
1131 3589 1296 3674 tandem
1319 3587 1442 3697 suerit
1457 3595 1584 3676 vectis
1598 3595 1745 3708 positio

369 3705 453 3790 sive
475 3702 679 3790 horizonti
700 3619 914 3820 parallelo,
939 3701 1021 3789 sive
1047 3699 1244 3820 obliqua,
1268 3703 1584 3814 examinandum
1604 3739 1741 3796 tamen

368 3825 447 3905 erit
458 3812 626 3906 inferius
633 3827 768 3934 capi.
780 3847 917 3938 utrum
927 3846 1081 3938 ratione
1092 3819 1255 3938 anguli,
1270 3817 1492 3908 secundiim
1503 3854 1628 3942 quern
1637 3853 1737 3940 pon·

344 3990 352 3998 -
368 3939 445 4024 dus
455 3933 641 4050 deorsum
654 3935 813 4020 trahere
824 3962 995 4037 conatur
1003 3931 1160 4020 vestem
1170 3996 1182 4036 ,
1192 3939 1290 4050 ejus
1301 3965 1508 4024 momenta
1518 3969 1738 4052 mutentur.

426 4055 555 4162 Nune
579 4079 716 4136 autem
736 4051 896 4164 pondus
912 4051 1080 4140 firmiter
1093 4055 1197 4138 verli
1213 4055 1444 4156 amnium,
1460 4086 1545 4142 non
1564 4051 1678 4153 veria
1691 4087 1740 4146 ex

366 4167 603 4254 unicosune
619 4163 869 4282 pendulum,
883 4167 1197 4268 consideremus,
1210 4167 1291 4254 sive
1302 4173 1405 4256 veni
1420 4171 1647 4273 incumbat,
1662 4167 1742 4262 siue

365 4284 472 4368 infra
487 4287 647 4368 vestem
659 4279 880 4366 collocetur
892 4317 903 4378 ς
917 4283 1000 4368 hoc
1013 4287 1204 4370 nimirum
1215 4284 1275 4370 est
1285 4285 1385 4398 illud
1395 4349 1407 4384 ,
1419 4293 1464 4370 in
1476 4319 1582 4404 quo,
1592 4305 1741 4406 propo·

366 4400 448 4486 sitis
461 4399 678 4512 majo-ribus
694 4399 966 4516 ponderibus,
986 4429 1070 4486 non
1082 4404 1245 4486 videtur
1265 4400 1746 4519 conniuendumsncque·

363 4523 475 4602 enim
494 4513 603 4599 nibil
617 4513 761 4614 refert,
778 4512 915 4601 uetiam
928 4514 1057 4615 infra,
1076 4545 1129 4604 an
1144 4514 1260 4632 supra
1282 4521 1439 4604 recitem
1461 4519 1509 4602 stt
1528 4525 1740 4608 movenda

363 4627 574 4754 gravitatis
586 4627 796 4740 centrum,
819 4627 1280 4752 quanttiqueintervallo
1293 4636 1375 4734 hoe
1392 4634 1443 4728 ab
1455 4633 1525 4725 illo
1537 4636 1640 4726 absit
1650 4699 1665 4742 ,
1682 4637 1736 4842 ibfii
