3818 5264
254 369 258 376 1
334 203 346 366 ’,
410 174 1160 382 Ἐἰὲξν]”ι·σαηιίκε.ἸΟΑΡιη
1194 231 1269 346 ΙΙ.
1444 239 1562 382 '137

172 397 275 486 dere
291 432 301 479 τ
316 393 421 513 quid
445 421 544 506 ergo
570 393 672 480 illud
691 395 773 494 est,
794 395 906 510 quod
925 393 1154 480 eburneum
1179 390 1391 510 globulum
1405 399 1451 486 in
1467 397 1560 484 sob-

174 517 328 627 jec‘tam
339 539 483 624 rupem
500 508 705 624 delapsum
721 509 868 596 refilire
880 515 991 622 cogit
1008 539 1105 609 ,aut
1127 508 1199 594 srbi
1225 509 1408 596 relictum
1421 512 1560 630 plum-

173 633 279 714 bum
290 657 345 712 ex
357 627 456 711 fune
471 621 698 739 suspensum
710 621 813 710 ultrrl
824 625 1319 742 perpendiculummaturrl
1334 657 1563 743 repugnan-

170 771 242 840 te,
261 740 418 826 sursum
428 741 645 856 provehit,
662 751 705 827 &
721 739 775 826 eo
793 743 960 858 quidem
977 741 1122 840 altius,
1145 736 1231 855 quo
1246 771 1298 826 ex
1312 741 1453 828 altiore
1470 745 1573 829 loco

174 857 373 971 globulus
384 886 454 942 aut
471 855 687 972 plumbum
700 858 965 942 deciderunt?
981 859 1054 942 nisr
1069 863 1164 973 quia
1184 885 1405 970 conceptus
1419 859 1564 944 naturtl

72 1062 82 1081 ,
172 1001 422 1090 procurante
450 977 625 1088 impetus
644 979 778 1086 pergit
794 1002 953 1059 motum
971 975 1155 1070 efficere,
1174 970 1257 1086 ipsi
1279 977 1401 1058 etiam
1417 973 1564 1086 untur&

176 1117 381 1204 quantum
399 1091 555 1203 potest,
572 1087 800 1174 obsistente
832 1087 962 1204 Qud
981 1089 1007 1172 sr
1023 1091 1171 1204 cor'pus
1189 1083 1319 1174 alieni
1342 1089 1563 1206 vi'longiitr

178 1201 367 1288 emill'um
387 1233 623 1302 moveatur,
638 1203 883 1290 extrinsecus
897 1211 1095 1318 impetum
1109 1207 1285 1318 imprimi
1306 1201 1463 1292 necelle
1477 1207 1558 1292 est:

177 1349 305 1434 quem
324 1317 419 1404 sane
435 1349 522 1404 non
540 1323 742 1434 concipit,
759 1320 829 1414 ubi
844 1323 1019 1434 primirm
1039 1317 1316 1434 &projiciente
1338 1319 1563 1434 sejunclum

176 1435 301 1525 fuerit
317 1469 329 1528 3
347 1435 452 1520 nihil
469 1444 580 1519 euim
600 1430 799 1550 prodesset
816 1438 871 1520 ad
890 1435 1119 1548 longiorem
1138 1437 1281 1550 lapidis
1294 1439 1448 1547 jactum
1462 1437 1561 1522 fun-

124 1581 129 1593 ·
177 1553 273 1637 darn
285 1555 434 1636 iterum
445 1581 492 1636 ac
512 1547 635 1634 territi
649 1553 971 1650 circumducere,
984 1551 1055 1632 nifi
1070 1549 1193 1635 alium
1206 1577 1329 1664 atque
1345 1551 1469 1636 alium
1485 1557 1562 1638 im·
1591 1617 1595 1622 -

178 1694 321 1784 petum
339 1665 437 1784 lapis
457 1671 715 1782 conciperet,
733 1664 918 1784 quandiir
930 1665 1126 1752 funditori
1140 1665 1351 1753 adhaerens
1372 1663 1451 1752 unrl
1464 1699 1562 1758 cum

144 1845 147 1851 -
172 1779 260 1898 ipso
281 1809 480 1876 movetur.
721 1845 726 1854 ,
924 1827 934 1837 „
953 1857 966 1872 ,r

236 1900 525 2014 Qraecurnque
546 1904 671 2012 igitur
682 1923 913 1996 moventur,
925 1901 1123 2013 impetum
1135 1897 1303 1995 habent,
1317 1927 1401 2012 quo
1416 1900 1558 1988 ferun-

180 2037 244 2094 tur
254 2047 267 2108 3
284 2015 352 2094 cui
369 2009 465 2099 saris
478 2014 677 2129 probabili
693 2012 938 2126 conjecluri‚
947 2017 1130 2126 proxima
1144 2017 1371 2098 visurorum
1383 2017 1561 2102 efficien·

181 2128 224 2210 di
243 2125 460 2212 tribuenda
475 2133 647 2216 videtur.
674 2130 721 2214 ld
733 2129 844 2242 quod
858 2133 900 2210 in
918 2131 1105 2244 projeclis
1119 2129 1284 2242 quidem
1294 2176 1314 2226 ,ι
1326 2127 1452 2244 iisque
1470 2159 1561 2216 om·-

181 2240 326 2339 nibus‚
344 2273 434 2356 quae
452 2243 593 2329 natural
613 2271 867 2360 repugnante
884 2272 1123 2341 moventur,
1145 2247 1201 2326 ita
1212 2244 1472 2332 manifestum
1486 2248 1559 2348 est,

182 2385 228 2440 ut
242 2360 286 2444 id
300 2355 483 2471 pluribus
501 2361 776 2446 demonstrare
787 2389 871 2442 non
887 2385 1095 2472 oporteat3
1114 2357 1225 2442 nulla
1240 2359 1436 2473 srquidem
1448 2364 1562 2450 adest

176 2472 294 2558 instra
315 2469 449 2582 motlrs
464 2472 580 2560 causa
601 2510 612 2570 3
633 2476 683 2560 ab
702 2479 860 2589 impetu
877 2478 1003 2585 igitur
1023 2473 1093 2558 illo
1109 2471 1355 2560 extrinsecus
1373 2473 1560 2594 imprello

180 2617 341 2674 motum
360 2589 468 2674 effici
492 2586 648 2684 necelle
666 2588 738 2674 est.
780 2593 839 2676 At
855 2594 900 2674 iu
926 2595 1112 2687 correrio,
1139 2588 1288 2703 quibus
1312 2587 1349 2674 se
1367 2595 1560 2680 movendi

184 2707 432 2820 principium
456 2705 587 2806 inest,
608 2733 729 2790 nemo
745 2709 834 2820 jure
850 2708 1059 2814 negaverit
1079 2709 1206 2789 autin
1222 2707 1343 2789 rirotu
1362 2711 1561 2823 impetum

183 2823 354 2934 acquiri,
365 2846 436 2902 aut
449 2821 675 2906 velocitatis
693 2825 988 2904 incrementum
999 2849 1050 2904 ex
1065 2823 1237 2932 impetus
1248 2822 1467 2909 acccffione
1481 2830 1562 2913 ori·

183 2939 243 3017 ri:
261 2933 334 3048 qul
355 2939 466 3023 enim
489 2937 603 3039 fieret
624 2998 635 3034 ,
657 2963 704 3019 ut
718 2962 979 3020 excurrentes
995 2933 1193 3047 objectam
1212 2929 1352 3020 folum
1365 2939 1561 3054 ampliore

183 3045 283 3134 saltu
300 3051 541 3134 transilirent
562 3049 744 3148 facilius,
763 3045 885 3165 quim
900 3049 1012 3133 nullo
1032 3050 1286 3163 praecedente
1308 3051 1445 3152 cursu,
1465 3055 1493 3138 st
1513 3059 1561 3142 in

182 3164 300 3250 cursu
317 3161 401 3280 ipso
425 3193 646 3281 conceptus
666 3171 841 3281 impetus
863 3193 1178 3276 nonaugeretur
1200 3161 1473 3258 ilam'verclsr
1496 3167 1558 3256 sc-

186 3282 322 3367 cundo
333 3281 950 3398 temporismomento'inciratur
960 3284 1089 3392 magis
1106 3306 1260 3377 motus,
1273 3278 1397 3394 quim
1414 3289 1558 3399 primo,

186 3423 355 3507 urgente
373 3395 657 3482 scilicetetiam
672 3401 979 3516 imperu,quem
989 3423 1134 3510 corpus
1144 3399 1276 3518 priore
1286 3425 1403 3480 motu
1416 3407 1560 3516 acqui·

187 3511 303 3608 srvit3
328 3513 399 3598 hic
429 3517 572 3628 utique
596 3517 800 3628 impetus,
826 3539 951 3626 quem
981 3540 1092 3594 nunc
1119 3517 1288 3622 gignere
1313 3541 1399 3596 nou
1425 3515 1559 3629 potest
1655 3607 1662 3626 ,

182 3630 289 3740 prior
309 3653 444 3712 motus
462 3689 474 3726 ,
495 3658 590 3714 turn
606 3633 803 3744 perierit,
829 3629 965 3711 extitit
985 3630 1133 3740 pariter
1152 3656 1247 3709 curu
1265 3632 1400 3742 priore
1416 3657 1553 3716 motu:

183 3771 321 3828 natura
337 3747 465 3855 igitur
475 3773 642 3830 movens
655 3750 788 3858 priore
804 3769 1012 3826 momento
1029 3751 1072 3828 &
1083 3768 1243 3827 motum
1256 3739 1401 3827 effecit
1417 3755 1462 3830 &
1479 3749 1557 3832 im·
1642 3805 1654 3830 1

184 3885 333 3974 petum.
364 3861 494 3974 Atqui
509 3863 769 3972 impetumex
783 3885 925 3944 eorum
937 3851 1073 3940 saltem
1087 3883 1237 3969 genere
1251 3853 1453 3972 elie‚quae
1465 3887 1558 3944 mo·
1659 3955 1660 3964 Ν

186 4000 270 4060 rum
278 3974 468 4073 efficiant,
485 3975 642 4060 constat
658 4004 709 4058 ex
723 3971 925 4058 velociore
938 3999 1052 4056 motu
1068 3971 1352 4088 posterioribus
1363 4003 1552 4060 momen·

57 4095 60 4101 ’
183 4096 254 4189 tis,
270 4089 409 4174 naturri
428 4088 584 4207 prorsus
607 4085 845 4186 immutati,
868 4087 1056 4202 factoque
1079 4085 1255 4202 impetiit
1276 4094 1551 4177 incremento:

184 4203 320 4291 contri
338 4199 439 4290 vero
464 4233 608 4306 motu,
625 4199 705 4320 qui
719 4233 853 4290 motus
870 4201 950 4302 est,
969 4202 1169 4319 impetum
1188 4231 1271 4286 non
1300 4209 1441 4315 augeri
1460 4205 1551 4292 satis

183 4323 358 4408 indicant
377 4321 559 4419 millrlia,
583 4351 757 4435 quorum
785 4319 1004 4417 velocitas,
1022 4323 1124 4404 dum
1147 4345 1389 4416 moventur,
1409 4315 1555 4410 sensim

179 4433 433 4550 elanguestit.
478 4440 668 4548 Igitur&
686 4435 908 4550 priore-illo
921 4439 1111 4549 temporis
1130 4459 1339 4518 momento
1355 4462 1441 4520 non
1457 4463 1553 4520 mo-

182 4577 243 4638 tus
257 4557 481 4667 impetum3
503 4549 570 4636 sed
584 4556 757 4666 impetus
775 4579 933 4640 motum
951 4547 1135 4664 prox-ime
1155 4543 1296 4632 effecit
1316 4581 1328 4642 3
1351 4552 1550 4664 impeturn

180 4693 309 4753 autern
333 4671 561 4784 procreavit
578 4668 716 4754 innata
729 4670 924 4758 movendi
939 4669 998 4763 vis
1013 4699 1033 4774 3
1059 4668 1126 4768 cui
1140 4665 1183 4752 id
1203 4668 1314 4866 csirco
1329 4671 1457 4763 motio
1471 4671 1554 4758 πίε
