3794 5270
387 212 496 354 716
807 251 821 268 ·
866 187 1291 310 Mechanico'mm

380 365 537 460 seilicet
552 364 690 456 omnia
704 347 1089 468 momentaimpetlls
1100 351 1307 468 equaliter
1317 355 1570 450 *dividuntur
1583 351 1765 464 nmjox·

311 513 314 520 ·
380 469 879 592 elongitudrnenqulm
894 469 1293 582 juxtnlatitudinem.
1462 578 1464 580 Ι
1546 505 1552 513 ·

294 609 303 646 ”
408 600 505 684 'Sed
516 597 710 709 quoniam
725 587 814 672 rard
827 585 1198 699 contingitcorpus,
1210 615 1293 698 quo
1301 587 1626 701 percutimus,ita
1637 615 1763 701 aequa·

381 713 452 802 b‘ili
468 713 594 797 dudio
606 733 737 822 partes
751 699 1108 815 omnesdisposrtas
1121 699 1286 796 babere,
1301 702 1401 786 srcut
1415 701 1614 786 hastenus
1630 703 1762 816 hypo-

379 829 530 915 the'srm
545 829 589 910 'tn
602 820 787 936 cylindro
797 844 867 902 aut
881 815 1066 930 prismatc
1080 814 1375 913 constituimus,
1391 811 1550 900 ideircd
1564 816 1761 932 frequen-

380 942 525 1032 tiffimb
541 965 728 1026 centrum
746 935 827 1021 hoc
841 959 1144 1017 momentorum
1160 927 1351 1043 Impetlts,
1362 959 1414 1016 ex
1428 959 1512 1044 quo
1523 935 1624 1016 istus
1637 933 1762 1024 rebe·

210 1071 213 1078 '
310 1091 314 1100 ·
380 1057 536 1152 mentia
554 1053 731 1171 pendet,
751 1075 821 1132 aut
838 1051 965 1158 magis
983 1048 1034 1132 ad
1058 1073 1244 1134 centrum
1267 1041 1398 1130 motlts
1420 1047 1603 1144 aceedit,
1622 1077 1693 1132 aut
1711 1047 1762 1134 ab

266 1207 269 1214 ·
381 1177 466 1262 hoc
481 1173 609 1284 magis
627 1165 778 1258 recedit
789 1191 809 1262 ς·
822 1177 942 1276 prout
958 1163 1011 1246 ad
1033 1162 1141 1246 banc
1154 1188 1224 1244 aut
1238 1161 1346 1249 illam
1360 1160 1657 1248 extremitatem
1671 1163 1760 1278 plu·

381 1287 547 1374 ressunt
589 1309 691 1368 artes
705 1281 868 1387 majoris
882 1271 1152 1391 imperiosum
1166 1280 1363 1390 majorum
1378 1267 1678 1362 momentorum
1692 1309 1762 1364 ca·

381 1425 501 1517 paces
516 1439 535 1485 t·
551 1315 638 1484 lieri
656 1395 851 1510 siquidem
863 1391 1007 1508 potest,
1022 1421 1066 1480 ut
1078 1391 1210 1507 plures
1227 1419 1357 1505 partes
1368 1419 1509 1476 centro
1520 1390 1656 1500 motlts
1667 1423 1761 1507 pro·

381 1523 500 1625 ximae
512 1511 767 1600 tenuioribus
783 1511 1000 1592 momentis
1012 1507 1088 1590 lint
1099 1504 1285 1615 praedittc,
1298 1509 1506 1620 pauciores
1518 1503 1656 1594 duceni
1669 1537 1762 1622 put-

382 1660 444 1718 tes
465 1631 515 1718 ab
535 1623 769 1742 hujusmodi
791 1621 926 1709 motus
941 1641 1083 1708 centro
1097 1649 1258 1706 remotae
1283 1620 1656 1729 majoraobtintant
1672 1653 1762 1708 mo-

380 1773 535 1843 mente,
546 1738 653 1830 oded
668 1769 714 1824 ut
728 1735 976 1850 inequalitas
991 1740 1165 1851 partium
1183 1737 1387 1850 reciproci
1398 1738 1572 1848 quadam
1584 1737 1764 1854 inaqua-

342 1891 344 1898 ‘
380 1859 496 1956 litate
511 1883 811 1950 momentorum
824 1852 1105 1964 compensetur
1112 1884 1126 1946 5
1145 1859 1186 1936 dt
1202 1849 1287 1938 fieri
1306 1852 1457 1965 potest,
1467 1880 1513 1936 ut
1531 1851 1665 1967 plures
1674 1883 1766 1966 ptr·
1875 1859 1876 1868 '

383 2003 445 2074 tes
466 2005 561 2060 cum
575 1975 726 2083 majore
744 1966 931 2052 distantiis
945 1994 1262 2078 componantur,
1281 1962 1389 2050 adel>
1413 1994 1459 2048 ut
1471 1978 1660 2051 centrum
1672 1999 1764 2052 mo-

382 2115 615 2200 mentorum
629 2077 803 2197 imperiis
821 2085 1052 2196 proximum
1070 2080 1116 2164 stt
1129 2077 1374 2176 extremitati
1390 2141 1401 2177 ,
1418 2111 1507 2194 quae
1521 2082 1765 2168 velociffime

382 2232 585 2304 movetur.
633 2201 751 2284 Hinc
766 2202 862 2310 quia
876 2195 1021 2278 melleo
1035 2205 1077 2285 δι
1098 2192 1223 2280 securi
1240 2193 1489 2309 infligendus
1502 2195 1562 2284 cst
1576 2200 1701 2296 inus,
1723 2202 1766 2282 in

328 2321 333 2329 ’
383 2319 547 2408 illumin
566 2311 788 2404 manubriis
816 2309 1035 2396 statuendis
1051 2310 1279 2402 cavendum
1294 2313 1378 2408 est,
1395 2341 1448 2396 ne
1474 2315 1595 2404 nimis
1622 2317 1769 2424 gravit

334 2485 336 2490 ·
384 2422 1771 2546 finnueforteextramalleumautsecurim,quibusfitptreuffio,fit

385 2575 574 2635 centrum
589 2565 888 2631 momentorum
899 2537 1087 2654 impetiit.
1109 2541 1311 2626 Centrum
1326 2541 1407 2626 boc
1422 2543 1769 2628 momentorumfi

385 2661 588 2780 appellare
606 2659 732 2746 libeat
763 2669 931 2737 Centrum
946 2647 1187 2762 Pcrcuffionit,
1207 2681 1356 2769 ptrme
1371 2653 1468 2740 licet
1478 2690 1491 2750 5
1505 2685 1643 2771 neque
1656 2662 1770 2742 enirn

384 2781 525 2866 httroo
534 2775 580 2860 in
593 2767 816 2860 vocabulis.
1144 2791 1153 2802 “
1390 2859 1392 2864 ,
1650 2837 1652 2841 .

239 2933 284 2984 a
441 2903 646 2984 Utautem
660 2883 797 2970 oblato
810 2909 1074 3000 quocumque
1085 2907 1252 2993 corpore
1264 2881 1315 2971 ad
1327 2877 1645 2994 percutiendum
1655 2883 1769 2998 ap'to,
1876 2937 1877 2978 r

415 3037 471 3094 uo
485 3005 686 3090 utendum
706 2999 753 3082 fit
768 3027 882 3086 motu
898 2997 1100 3093 circulari,
1115 2994 1339 3104 cujusmodi
1357 2995 1416 3080 est
1433 2995 1613 3095 malleus,
1638 2997 1770 3098 clava,

327 3137 329 3144 '
382 3037 544 3219 acutis,
558 3130 600 3206 bt
616 3112 768 3212 statilia,
779 3118 867 3228 ejus
881 3139 1068 3197 centrum
1084 3110 1390 3196 Momentorum
1404 3110 1460 3194 im
1490 3110 1579 3196 etlts
1590 3112 1769 3224 Physrcb

313 3265 316 3276 ’
384 3249 427 3327 dt
442 3231 694 3320 mechanici
708 3227 930 3322 babeamus
948 3287 961 3324 ,
986 3227 1075 3310 haee
1097 3226 1316 3314 methodus
1330 3139 1488 3313 fo'rtaide
1504 3257 1588 3309 non
1608 3226 1769 3312 inutilis

382 3351 554 3441 accidat.
582 3351 814 3433 Extremam
829 3341 939 3426 illam
953 3367 1122 3454 partem,
1136 3369 1226 3455 quae
1243 3370 1366 3424 manu
1379 3343 1633 3456 apprehendi
1653 3341 1774 3440 solet,

382 3500 435 3556 cx
452 3467 569 3554 clavo
587 3456 786 3546 immobili
803 3455 862 3540 ita
879 3453 948 3540 sus
969 3455 1074 3540 ende
1092 3517 1105 3553 ,
1134 3483 1180 3539 ut
1199 3459 1307 3538 cirta
1323 3454 1438 3540 illum
1464 3454 1593 3540 libere
1608 3463 1771 3542 moveri

382 3582 646 3674 valeat'r'tum
670 3569 893 3688 suspensam
914 3484 1070 3655 clivam
1091 3568 1115 3652 d
1134 3571 1609 3684 perpendiculortrnove
1628 3632 1641 3668 ,
1662 3584 1704 3660 bt
1725 3577 1774 3656 in

383 3701 631 3808 buncatque
646 3683 1079 3802 illampartemvibrnri
1091 3683 1292 3798 permitte.
1319 3689 1485 3773 Interim
1500 3715 1552 3769 ex
1570 3681 1769 3772 subtililii·

383 3811 776 3903 moilloaereus,ant
788 3796 1225 3918 plumbeus,globulus
1239 3801 1439 3911 pendeat,
1481 3805 1768 3915 uipatitervi-

383 3930 549 4018 luetur:
567 3933 610 4010 bt
628 3923 752 4032 hujus
768 3913 1051 4032 perpendiculi
1067 3912 1312 3999 vibrationes
1325 3945 1419 4000 cum
1436 3829 1558 4002 ciavae
1575 3914 1773 4030 suspense

377 4037 677 4132 vibrationibus
693 4059 960 4143 compernem
970 4027 1160 4114 videlicet
1174 4029 1342 4230 lingulae
1360 4029 1525 4140 lingulis
1538 4028 1775 4116 isochronae

336 4205 339 4212 =
380 4159 475 4257 bnt,
492 4161 572 4246 boc
588 4152 648 4238 est
656 4146 818 4263 equalis
833 4140 1072 4242 durationis,
1084 4171 1138 4228 an
1154 4175 1225 4228 ver
1270 4144 1480 4260 inoeqnnlis
1493 4175 1510 4240 t
1525 4147 1552 4230 sr
1569 4175 1652 4232 nna
1667 4157 1769 4262 ptr-

288 4345 297 4358 .
383 4270 591 4391 pendiculi
606 4255 1237 4374 vibratiodiuturniorsrt'‚qurlm
1252 4259 1468 4350 uuaclavae
1483 4261 1673 4362 vibratio,
1689 4266 1770 4350 dt·

383 4387 630 4476 turcandum
642 4380 703 4468 est
721 4375 900 4475 filum
915 4375 1098 4472 brevior,
1112 4376 1421 4489 producendum
1434 4373 1562 4488 usqne
1579 4373 1652 4476 eb,
1665 4381 1775 4464 dum

380 4497 666 4618 perpendiculi
682 4491 926 4580 vibrationes
946 4488 1112 4603 lingulae
1138 4489 1302 4601 fingulis
1319 4491 1443 4576 clavae
1467 4491 1776 4602 vibrationibus

377 4618 609 4737 spolient
627 4613 797 4706 fuerint
837 4610 937 4701 Hoc
965 4607 1040 4723 ubi
1056 4603 1299 4700 consecutus
1314 4603 1463 4716 fucris,
1477 4608 1594 4726 baud
1610 4608 1775 4713 temere

425 4785 429 4788 ·
740 4800 743 4808 ,
860 4755 884 4829 ᾗ,
1160 4787 1162 4796 »
1600 4751 1770 4838 pronun
