3794 5270
471 215 634 330 Liber
654 225 876 330 ollactus.
911 218 1134 330 CAPUT
1166 215 1238 324 V:
1427 253 1540 362 799

163 387 400 504 perficietur
415 379 528 468 horis
545 385 587 466 1'1
609 383 655 500 ξ,
671 381 753 466 hoc
766 379 826 464 est
839 381 867 490 3
882 377 1075 464 hot-arum
1087 375 1306 460 duodecim
1318 433 1330 472 ,
1344 367 1411 458 stu
1423 375 1544 464 hora·

164 551 255 612 rum
270 511 627 638 quadrantibus45
649 548 661 606 ς
684 514 755 627 qui
768 539 841 626 per
851 524 878 598 6
881 547 900 621 3
917 513 1174 630 multiplicati
1192 515 1293 606 dant
1312 517 1422 604 horae
1438 551 1541 636 qua·

161 641 324 728 drances
344 644 392 720 28
399 665 446 750 35
462 691 474 732 ,
491 655 592 746 quot
609 658 691 712 una
706 629 863 714 lunatio
879 631 1172 745 compleciimr.

463 839 1041 990 anorosrrro
1124 883 1190 988 V.
1278 865 1285 886 '

1641 1027 1658 1072 t

161 1057 167 1074 .
195 1091 451 1190 Pancratium
467 1084 528 1183 ad
538 1123 654 1182 onera
670 1089 782 1182 Vtile
795 1083 1007 1182 accedenda
1023 1115 1276 1220 opportunum
1291 1095 1508 1218 construere.
1587 1068 1592 1080 ¹
1728 1153 1739 1180 .

59 1387 71 1402 κ
238 1323 350 1443 AEpe
365 1319 570 1436 contingit
585 1323 714 1408 Velle
729 1319 896 1410 secundi
918 1324 1080 1436 generis
1090 1322 1359 1411 attollendum
1375 1319 1456 1411 elle
1466 1329 1542 1416 ali-

241 1443 352 1560 quod
366 1472 492 1540 onus,
513 1443 580 1526 cul
598 1442 727 1546 impar
741 1438 787 1522 srt
801 1439 984 1556 potentia
1007 1479 1017 1524 ε
1040 1441 1197 1529 ideirco
1209 1437 1354 1556 praestd
1372 1439 1451 1528 elle
1466 1473 1544 1562 po.

165 1561 243 1647 test
267 1557 582 1644 instrumentum
609 1555 700 1648 (cui
718 1559 933 1640 Pancratio
955 1587 1107 1645 nomen
1135 1557 1221 1642 fieri
1242 1552 1350 1672 poll'e
1366 1558 1543 1648 ostendit

163 1683 225 1762 vis
244 1673 332 1760 satis
346 1703 494 1788 magna
506 1679 519 1770 l
545 1673 680 1789 plures
691 1675 736 1754 in
751 1669 851 1756 alios
866 1667 957 1762 usus
971 1675 1349 1771 accommodatum,
1366 1679 1477 1790 quod
1500 1683 1557 1766 δι’

164 1788 358 1880 facillime
379 1816 641 1906 quocumque
664 1791 707 1870 in
726 1785 819 1870 loco
837 1786 1028 1873 collocari
1053 1789 1192 1889 valet,
1218 1799 1543 1908 &quocumque

165 1907 382 1994 transferri.
426 1903 612 1992 Cochlea
635 1901 797 1988 infinita
819 1931 915 1986 curn
938 1901 1009 1989 suo
1033 1933 1227 2021 tympano
1253 1905 1421 1990 dentato
1441 1937 1543 1992 con-

164 2051 339 2138 gruente
358 2049 518 2140 paretur
530 2057 540 2103 ι
554 2020 735 2132 tympani
749 2017 895 2102 axicsrt
907 2021 1180 2108 excavatus'in
1197 2049 1275 2104 tres
1287 2047 1357 2104 aut
1369 2051 1545 2136 quatuor

165 2141 276 2225 strias
294 2142 585 2224 convenientes
609 2132 800 2220 dentibus
817 2131 975 2218 lamina
997 2141 1112 2222 reilae
1137 2135 1343 2250 chalybeae
1368 2141 1545 2224 dentatae

165 2254 255 2342 satis
278 2253 436 2354 solidae,
459 2248 686 2363 cujusmodi
710 2247 780 2334 illa
798 2247 858 2334 est
877 2311 889 2348 ‚
910 2281 1033 2366 quam
1056 2253 1127 2339 lib.
1142 2285 1178 2363 5.
1195 2279 1282 2368 cap.
1300 2263 1337 2336 6.
1358 2255 1543 2340 exhibui.

165 2375 278 2459 Nam
297 2371 324 2454 sr
342 2372 430 2456 haec
450 2369 711 2454 includantur
727 2362 893 2475 capsulae
908 2363 1034 2482 pauli>
1054 2367 1231 2483 longiori
1243 2363 1399 2482 ,nquim
1417 2369 1464 2456 lit
1481 2369 1542 2456 la-

165 2487 277 2573 mina
293 2485 361 2572 illa
373 2487 560 2584 dentata,
575 2494 618 2572 &
635 2481 815 2568 cochleae
833 2479 920 2568 axis
932 2509 1047 2569 extra
1058 2483 1378 2570 loculamentum
1390 2475 1544 2600 promi·

166 2633 283 2703 neat,
306 2629 352 2688 ut
366 2600 405 2684 'ei
419 2604 544 2716 aptari
565 2597 679 2716 posfit
701 2597 981 2694 manubriumr
994 2630 1051 2735 ex
1067 2599 1261 2687 Cochleae
1281 2603 1544 2690 conversrone

165 2719 344 2806 volvitur
358 2746 617 2832 tympanum,
636 2725 678 2801 δι
694 2709 887 2800 unicum
899 2713 970 2800 illo
981 2713 1159 2834 ejusdem
1171 2721 1256 2802 axis
1272 2714 1452 2816 striatus,
1470 2725 1544 2835 qui

164 2837 309 2922 dentes
324 2829 701 2944 laminaechalybeae
713 2827 873 2916 subiens
887 2829 996 2920 illam
1009 2831 1151 2919 elevat.
1190 2835 1242 2922 Et
1256 2837 1449 2948 quoniam
1462 2835 1542 2919 hu-

164 2955 230 3061 jus
248 2951 406 3040 laminae
420 2977 542 3064 caput
559 2947 757 3060 finuaturn
777 2943 988 3056 subjicitur
999 2947 1126 3050 velli,
1140 2953 1264 3035 etiarn
1277 2953 1401 3034 vellis
1418 2950 1541 3034 attol-

163 3068 285 3167 litur,
301 3079 343 3156 dt
357 3096 516 3152 tumeo
528 3065 699 3180 pondus.
729 3069 897 3184 Qanta
910 3063 957 3149 srt
977 3067 1158 3162 cochleae
1172 3066 1343 3151 infinita:
1357 3095 1452 3150 cum
1472 3061 1545 3152 suo

10 3238 15 3247 ·
168 3193 418 3300 tympano&
440 3212 516 3268 axe
531 3184 591 3266 vis
604 3180 656 3266 ad
672 3177 912 3267 elevandam
929 3179 1140 3283 laminam,
1158 3181 1314 3269 constat
1330 3211 1380 3266 ex
1400 3183 1541 3266 dinis:

164 3299 461 3415 componenda
472 3295 532 3384 est
545 3322 682 3380 autem
694 3297 782 3381 haec
792 3295 916 3384 Ratio
928 3329 1023 3382 cum
1040 3301 1216 3386 Ratione
1227 3295 1390 3396 Vestis,
1406 3325 1452 3382 ut
1468 3299 1542 3384 ha·

164 3416 316 3504 beatur'
328 3443 584 3502 momentum
606 3415 803 3500 Potentiae
828 3412 1045 3500 manubrio
1071 3415 1278 3534 applicata
1304 3441 1543 3531 compararat

168 3563 264 3620 cum
282 3559 420 3624 0120ss-
