3780 5270
363 192 466 322 580
854 167 1278 282 Mechanictrum
1386 161 1391 169 ¹
1454 305 1465 326 ι
1550 187 1578 233 ³

355 336 483 456 duplo
508 334 688 420 velocior
700 331 760 418 est
774 338 964 447 potentiae
982 360 1115 424 motus
1131 339 1212 457 pr'pz
1229 355 1358 453 motu
1369 329 1569 444 ponderis
1616 319 1745 447 Qat'

193 471 199 480 ’
276 611 283 620 -
355 448 772 653 &wilifrid
791 447 1102 650 {illidii
1120 445 1556 654 llisslmhtllidii
1569 445 1732 646 ‘iffi

354 600 441 794 illi
456 597 673 794 ,glalithte’
685 682 910 794 preditum.
1318 590 1372 676 1²⁰
1555 591 1585 676 P
1700 743 1704 760 ,

415 803 476 884 Ex
504 797 652 910 quibus
676 794 935 894 manifestum
957 791 1044 891 est,
1072 819 1271 907 quantum
1291 786 1447 878 intersit
1467 785 1645 892 ‚utrum
1660 815 1730 870 ex·

170 947 175 958 ·
280 899 285 922 ‘
357 912 551 1000 tremimti
572 909 681 996 funis
703 913 939 1013 adnectatur
964 910 1166 1022 pondus,
1203 919 1245 996 δι
1273 909 1444 994 orbiculi
1480 903 1730 992 loculamen-

210 1060 222 1122 j
359 1058 449 1114 tum
481 1025 620 1112 stabile
647 1025 721 1122 fit,
748 1055 803 1109 an
828 1019 929 1112 ‘verb
950 1085 963 1123 ,
985 1025 1094 1108 funis
1112 1028 1369 1110 extremitate
1394 1049 1589 1111 manente
1609 1044 1731 1130 atquc

354 1138 551 1241 immoti,
581 1141 752 1256 ponderi
780 1141 1017 1226 mundatur
1035 1137 1378 1232 loculamentum,
1397 1136 1511 1254 quod
1534 1165 1632 1222 cum
1651 1131 1733 1246 ipso

222 1269 225 1274 ’
354 1262 537 1375 pondere
556 1283 799 1355 moveatur,
824 1249 952 1341 immb
972 1253 1103 1338 verilis
1120 1313 1131 1350 ,
1152 1256 1268 1361 cujus
1288 1281 1445 1338 motum
1464 1249 1736 1366 consequatur

205 1463 212 1476 ,
356 1404 491 1462 motus
521 1370 710 1487 ponderis
741 1408 753 1452 t
782 1399 877 1454 nam
904 1374 946 1454 in
966 1366 1143 1454 secundo
1169 1369 1251 1454 hoc
1270 1366 1363 1454 casu
1385 1371 1576 1483 potentiae
1598 1393 1735 1452 motus

357 1489 506 1604 duplus
521 1485 646 1572 estad
660 1515 817 1570 motum
834 1485 1023 1600 ponderis
1036 1519 1048 1579 5
1067 1489 1110 1570 in
1122 1483 1260 1599 primtl
1274 1511 1413 1570 autem
1431 1482 1630 1600 politione
1647 1513 1734 1568 mo·

358 1635 423 1692 tus
444 1599 652 1716 utriusque
667 1599 758 1686 lunt
777 1601 899 1716 plant
919 1599 1105 1714 aequales.
1573 1636 1577 1646 ¹

416 1721 536 1804 Hinc
567 1716 734 1805 ultetihs
773 1714 963 1813 constat,
997 1717 1165 1830 quando
1195 1718 1285 1804 duae
1321 1715 1539 1802 Truthleae
1563 1711 1733 1828 simplici

358 1833 544 1922 orbiculo
571 1831 770 1917 insttuttae
787 1829 1062 1930 adhibentur,
1085 1837 1141 1916 ita
1162 1859 1208 1916 ttt
1226 1832 1349 1916 altera
1367 1831 1447 1916 fixa
1465 1858 1655 1928 maneat,
1677 1829 1733 1911 al·

358 1977 563 2036 temtum
589 1950 770 2061 pondere
794 1973 1034 2046 moveatur,
1061 1946 1166 2032 nihil
1195 1949 1289 2034 addi
1309 1945 1506 2032 momenti
1535 1947 1732 2030 Potentia

355 2065 516 2152 sturnis
537 2067 768 2148 extremitas
789 2061 980 2176 alligetur
1005 2061 1196 2148 trochleae
1226 2061 1383 2160 stabili,
1411 2089 1481 2144 aut
1500 2062 1593 2146 loco
1611 2060 1733 2144 alicui

356 2207 469 2268 extra
494 2176 707 2262 trochleas.
765 2177 926 2264 Namsi
961 2182 1006 2262 in
1030 2178 1071 2263 G
1104 2177 1231 2291 polita
1256 2177 1304 2260 fir
1327 2177 1534 2262 Ttothlea
1562 2203 1730 2260 manent

355 2300 525 2390 immota
559 2294 636 2396 ῌ,
667 2305 711 2380 ·&
741 2293 865 2390 altera
889 2293 1001 2378 funis
1027 2297 1258 2378 extremitas
1291 2289 1350 2378 illi
1368 2293 1561 2402 jungatur
1588 2294 1633 2375 in
1664 2293 1731 2386 0,

355 2407 426 2496 seu
454 2438 568 2496 extra
578 2405 698 2492 'illam
719 2407 862 2507 clavo,
885 2437 955 2492 aut
976 2405 1127 2524 paxillo
1143 2412 1187 2492 in
1218 2409 1289 2504 C,
1318 2411 1506 2494 Potentia
1529 2406 1575 2490 in
1599 2408 1635 2488 L
1659 2433 1731 2518 ap·

354 2524 506 2642 plicata
540 2521 747 2639 aequaliter
766 2551 956 2610 movetur
973 2544 1069 2609 cum
1091 2525 1245 2638 putitio
1274 2525 1320 2605 D
1352 2558 1361 2604 :
1395 2549 1437 2606 at
1460 2527 1659 2638 punttum
1684 2523 1731 2604 D

357 2668 548 2727 movetur
565 2639 692 2754 duplo
718 2637 927 2737 velotius,
955 2635 1080 2753 quim
1106 2635 1313 2724 Trothlea
1340 2642 1371 2720 B
1393 2643 1552 2749 rigitur
1579 2643 1730 2722 Poten-

356 2761 413 2840 tia
439 2759 472 2838 L
501 2771 689 2862 movetur
707 2750 833 2840 solum
847 2752 977 2869 duplo
1000 2752 1181 2840 velocilts
1202 2749 1329 2866 quim
1346 2755 1504 2865 pondus
1525 2815 1537 2850 ,
1562 2753 1730 2869 perinde

339 2897 481 2986 atque
498 2869 527 2954 li
544 2897 628 2955 non
643 2863 777 2954 fittffet
791 2869 928 2962 addita
943 2867 1127 2955 trochlm
1145 2871 1204 2952 H.
1238 2869 1414 2954 Eatenus
1430 2867 1558 2980 igitur
1571 2870 1735 2954 additur

223 3063 224 3067 a
360 2985 567 3072 Troohlea
587 2989 656 3083 H,
670 3009 870 3098 quatenus
887 2989 1115 3071 Potentiam
1132 2995 1173 3068 bt
1190 2984 1356 3068 Pondus
1370 2989 1413 3066 in
1435 2983 1635 3100 oppofitat
1647 2982 1728 3096 pla-

358 3127 430 3211 gas
450 3099 608 3186 moveri
622 3125 807 3214 oportet,
831 3127 902 3189 aut
921 3103 1105 3216 potentia
1129 3095 1316 3188 deorsum
1339 3106 1477 3190 tortari
1501 3099 1660 3198 debet,
1685 3127 1730 3182 ut

358 3217 519 3330 pondus
539 3213 748 3318 'ascendat-

420 3332 494 3420 Sin
532 3348 670 3424 autum
706 3332 935 3418 extremitas
960 3331 1070 3418 funis
1103 3333 1292 3445 alligetur
1319 3333 1533 3422 Trochleae
1559 3329 1731 3430 mobili,

359 3444 428 3536 cui
458 3447 608 3561 pariter
633 3447 861 3530 adnectitur
886 3449 1049 3562 pondus
1076 3509 1089 3549 ,
1120 3461 1162 3536 bc
1189 3448 1365 3564 primum
1396 3451 1506 3538 funis
1537 3449 1590 3534 ab
1624 3479 1731 3534 unco

360 3561 550 3650 trochleae
569 3561 730 3646 mobilis
751 3563 977 3648 deducatur
998 3563 1051 3650 ad
1068 3563 1297 3653 orbiculum
1324 3566 1517 3652 trochleae
1542 3563 1731 3662 immutat,

358 3677 509 3764 deinde
531 3679 584 3762 ad
608 3675 843 3768 orbiculum
882 3675 1062 3786 ejusdem
1088 3681 1303 3766 Trochleat
1327 3681 1517 3776 mobilis,
1549 3683 1631 3792 'ram
1652 3686 1731 3766 Poe

358 3799 486 3878 tentia
512 3791 632 3908 triplo
659 3792 839 3880 velocius
863 3821 1052 3882 movetur
1075 3791 1200 3910 qtttlm
1223 3800 1388 3884 Pondus
1416 3831 1431 3891 t
1460 3802 1559 3910 quia
1586 3795 1732 3880 videli-

360 3937 426 3992 cet
449 3913 572 3994 etiam
594 3904 676 4026 ipsa
706 3908 816 3993 funis
840 3907 1071 3996 extremitas
1097 3941 1284 3997 movetur
1305 3914 1533 4000 trahentem
1564 3908 1731 4026 sequens

286 4073 288 4085 =
357 4021 442 4110 unt·
475 4056 571 4110 cum
606 4024 798 4140 pondere.
841 4027 1027 4142 Concipe
1057 4027 1352 4142 enlin-pondus
1383 4035 1421 4115 A
1451 4023 1731 4138 lejunttumb

358 4137 563 4226 Trochleal
589 4147 619 4224 B
638 4200 649 4236 ,
670 4144 843 4258 quatita
864 4141 1078 4241 firmetur,
1104 4159 1150 4229 ut
1170 4148 1336 4232 immot'a
1353 4171 1546 4242 maneat,
1572 4145 1734 4258 perflui

358 4249 459 4340 verb
484 4253 734 4369 intelligatur
757 4254 990 4344 transsatum
1015 4263 1061 4344 in
1093 4262 1168 4356 G,
1196 4290 1319 4377 atque
1346 4260 1555 4346 Trochleti
1582 4263 1627 4343 H
1647 4263 1734 4371 jam

355 4368 405 4454 stt
426 4371 588 4471 mobilis
613 4407 622 4452 :
653 4373 799 4486 titique
823 4377 1010 4458 Potentia
1028 4374 1173 4462 funem
1200 4382 1250 4462 in
1275 4382 1541 4491 Learreptum
1567 4377 1735 4460 trahens

354 4488 400 4568 in
415 4515 529 4572 motu
549 4487 806 4602 progreditur
820 4489 926 4580 ultra
949 4495 1010 4590 B,
1035 4519 1185 4606 quanta
1212 4492 1274 4578 est
1294 4493 1509 4606 longitudo
1526 4491 1639 4578 funis
1656 4521 1734 4574 tx·

202 4643 204 4646 ·
302 4673 304 4680 ,
354 4598 497 4716 plicari
519 4607 675 4694 O-BD
694 4603 767 4708 H,
795 4633 885 4722 quae
910 4605 1129 4722 longitudo
1153 4608 1279 4726 dupla
1301 4611 1362 4698 est
1387 4607 1590 4696 intervalli
1621 4610 1732 4691 OB:

1607 4723 1737 4836 igitur

392 5030 414 5082 ἢ
