3818 5264
457 175 618 294 Liber
621 184 828 339 primus.
873 183 1089 303 Cnrut
1128 185 1272 300 XV.

176 498 1508 556 mm

299 795 303 808 ·
459 835 463 846 .
568 639 1177 856 CAPUTle..

239 987 574 1176 Inquiruntur
591 1021 839 1131 Rationes
854 1020 1217 1170 gravitationti
1238 1048 1477 1176 corporum

668 1173 1024 1336 rourum·

273 1487 516 1578 Onsrderad
534 1517 751 1610 corponrtn
764 1491 1033 1604 gravitatione
1044 1485 1184 1600 tlnnin
1198 1485 1320 1606 plano
1335 1487 1546 1592 inclinato,

273 1607 361 1694 tltrn
376 1612 422 1692 in
436 1607 605 1726 planum
617 1607 882 1706 inclinatum,
899 1605 1149 1724 consequens
1162 1607 1244 1706 est,
1266 1637 1311 1690 ut
1320 1608 1372 1693 ad
1384 1637 1547 1694 eorum·

174 1723 268 1808 dem
290 1727 626 1836 gravitonum,
646 1726 675 1808 st
692 1753 744 1810 ex
765 1721 865 1808 fune
889 1721 1206 1838 suspendantur,
1222 1725 1393 1836 gradum
1418 1723 1545 1808 facia-

173 1868 260 1924 mus
280 1871 291 1933 3
313 1841 401 1924 haec
418 1844 531 1928 enim
542 1839 600 1925 illi
612 1838 733 1938 valdb
748 1837 879 1924 affinis
892 1839 954 1926 est
972 1835 1217 1954 speculatio:
1233 1840 1277 1924 id
1296 1839 1407 1954 quod
1423 1837 1546 1926 facile

172 1954 397 2067 intelligat,
416 1953 595 2072 quisquis
611 1961 795 2040 animum
806 1955 1014 2042 advertere
1030 1951 1226 2051 voluerit,
1240 1983 1407 2068 remque
1419 1981 1547 2042 totam

171 2069 347 2182 penitilts
358 2070 630 2186 introspicere.
656 2074 717 2164 Ex
731 2069 1038 2188 hissrquidenr,
1056 2097 1146 2184 quae
1160 2066 1545 2182 hadenusdisputa-
1695 2152 1700 2162 ,

172 2182 343 2285 nsunt,
365 2185 462 2282 lux,
481 2193 648 2304 opinor,
665 2213 751 2274 non
770 2187 932 2272 modica
948 2185 1000 2270 ad
1014 2185 1147 2282 hanc,
1166 2213 1290 2302 quam
1306 2190 1545 2270 examinan-

172 2299 267 2384 dam
282 2297 515 2416 suscipimus
533 2301 822 2418 quaestionem,
839 2299 1100 2390 derivabitur.

230 2417 413 2502 Pendeat
425 2447 476 2504 ex
489 2418 605 2504 clavo
619 2419 656 2503 C
673 2420 725 2504 ad
736 2443 914 2532 perpen-

175 2530 363 2618 diculum
379 2530 526 2646 globus
543 2533 698 2620 ferreus
714 2540 767 2632 A,
788 2563 915 2652 quem

172 2646 419 2764 supposrtum
458 2647 626 2794 planum
660 2648 915 2748 horizontale
990 2689 1041 2800 L

171 2765 198 2846 B
217 2769 256 2847 D
274 2768 333 2850 ita
345 2768 487 2850 erade
500 2769 734 2876 contingat,
748 2761 916 2853 utnibil

172 2881 223 2966 de
235 2879 411 2966 funiculi
430 2883 519 2968 CA
538 2885 768 2966 intentione
779 2885 915 2965 remit·

173 3023 291 3080 ntur.
324 3000 424 3080 Satis
443 3023 608 3112 apparet
630 2994 809 3112 snbjesto
825 2994 913 3111 pla-

174 3143 227 3196 no
238 3108 276 3194 Β
277 3111 320 3193 D
332 3111 661 3198 nonincurnbere
677 3110 847 3226 globum
860 3114 913 3210 A,

174 3228 240 3316 sed
258 3231 397 3312 omniu
418 3224 498 3312 suae
514 3231 815 3342 gravitationis,
833 3233 916 3342 qun
1091 3289 1094 3296 »

173 3341 361 3432 deorsum
380 3347 778 3443 nititur‚·momentu
791 3371 909 3430 exer-

173 3491 265 3546 cere
278 3457 430 3547 'contrd
453 3457 614 3544 clavum
631 3457 702 3556 C,
728 3487 781 3544 ex
802 3459 886 3575 quo
905 3457 1119 3577 suspensus¹
1135 3467 1187 3554 ad
1211 3459 1550 3582 perpendiculum

172 3578 336 3692 pendet.
364 3575 491 3698 Qod
506 3576 531 3660 fi
544 3571 835 3673 autelavusC,
850 3581 1013 3662 nemine
1030 3580 1406 3673 funemretinente,
1420 3575 1550 3662 revel-

171 3695 349 3791 leretur,
362 3719 433 3778 ant
446 3691 556 3778 funis
574 3692 659 3776 CA
676 3691 982 3806 prenderetur,
991 3697 1076 3808 jorn
1093 3725 1177 3782 tota
1186 3701 1247 3783 vis
1259 3689 1548 3790 descendendi,
1694 3795 1697 3812 ⁴

172 3839 263 3927 quae
281 3811 441 3924 corpori
459 3809 497 3894 A
515 3806 641 3904 inest,
660 3833 822 3918 urgeret
835 3801 1058 3922 subjedum
1074 3813 1240 3929 planum
1248 3799 1287 3893 'B
1299 3811 1338 3891 D
1358 3841 1369 3903 3
1390 3836 1467 3890 nec
1483 3833 1548 3890 ta-

170 3955 268 4012 men
279 3932 326 4012 in
339 3953 496 4014 motum
510 3947 743 4037 erumperet
756 3920 1012 4039 globus‚quia
1027 3927 1194 4044 planum
1207 3926 1391 4040 BDrpari
1404 3917 1551 4036 usque-

171 4071 338 4160 quaque
361 4043 414 4128 ad
492 4037 778 4155 rpendiculum
801 4036 1068 4130 inclinatione
1085 4045 1275 4144 libratur,
1293 4067 1416 4154 atque
1441 4031 1548 4124 aded

171 4163 304 4246 motui
319 4067 489 4274 prorfftl
501 4155 667 4242 obsistit.
1013 4251 1016 4260 Δ
1313 4197 1321 4210 ·

218 4275 303 4372 Iam
316 4268 419 4360 verd
438 4272 648 4386 figlobunr
668 4273 706 4358 A
727 4277 875 4388 pariter
886 4303 938 4362 ex
949 4272 1242 4392 perpendiculo
1258 4273 1345 4358 CA
1361 4270 1547 4388 penden-

174 4421 255 4594 Ἕω
274 4393 491 4592 εοιιῑὶιὲςὲι
503 4390 670 4594 plununp
683 4387 794 4592 ppiud
808 4421 895 4594 npp
911 4393 1079 4504 quidem
1093 4386 1373 4527 horizontule,
1393 4385 1461 4522 sed
1478 4391 1547 4473 in·
1628 4499 1630 4504 Ι

174 4541 197 4594 t
226 4537 374 4594 natum
495 4567 508 4604 ‚
534 4535 686 4592 manre
724 4537 793 4592 um
817 4539 841 4594 e
903 4533 1044 4596 totam.
1067 4533 1217 4626 pariter
1239 4530 1551 4617 grawtatlonem

173 4627 354 4730 czeruen
375 4621 742 4712 contraclavumc
762 4629 1008 4714 retinentem
1019 4685 1031 4726 ,
1043 4627 1294 4743 planumque
1305 4621 1552 4733 contingens
1674 4673 1679 4682 ·

1183 4735 1302 4848 Mo
