3794 5266
409 200 808 360 Liberquartus.
854 145 1066 324 cirus
1095 217 1254 330 XVI.
1410 267 1515 370 471

145 368 454 476 fimilitudinem
483 367 709 478 adiiciam,
737 391 896 482 tempus
919 395 1127 460 conteram
1151 409 1162 465 t
1192 377 1273 466 Cui
1298 380 1429 476 otium
1447 391 1508 478 est

103 563 105 568 .
143 490 359 590 Authores
374 483 493 596 legat.
1263 529 1265 534 -
1507 453 1521 494 ’
1666 560 1673 570 ,

204 610 246 691 Si
262 599 430 720 questio
443 591 563 697 effet,
576 583 879 712 Cur'longiores
893 595 990 685 mali
1003 597 1080 688 srut
1095 599 1397 725 magisob'noxij
1407 623 1516 733 peri.
1767 643 1803 694 x

139 720 239 828 culo
254 721 484 814 fractionis,
503 713 626 802 facile
641 716 868 830 invenirem
882 720 1079 807 rationem
1095 726 1219 808 vcors
1231 786 1243 822 ,
1253 733 1348 843 quia
1361 727 1529 846 ponde.'

136 836 196 924 ris
212 843 345 923 vicem
360 830 535 918 subeunt
558 829 765 946 particulae
783 829 901 948 ipsae,
952 864 1093 920 uarum
1109 867 1236 924 nexus
1254 869 1422 957 pervim
1438 849 1517 938 sol·

136 955 299 1042 vendus
319 947 665 1042 estinfrattiones
684 941 770 1064 qud
785 864 1164 1062 autemiongiorest
1185 959 1338 1058 malus,
1356 962 1514 1052 admo.

136 1099 231 1154 tum
238 1069 414 1182 partium
428 1124 440 1163 ,
457 1093 549 1179 que
561 1063 823 1164 dividuntur,
838 1069 1031 1181 majorem
1044 1068 1264 1157 Rationem
1276 1075 1403 1160 habet
1415 1111 1511 1165 mo.

137 1215 208 1312 tus
222 1177 720 1306 ventiapplicatilongiori
735 1177 856 1278 malo,
873 1179 997 1296 quim
1010 1212 1143 1270 motus
1154 1187 1332 1300 ejusdem
1349 1190 1512 1282 brevio·

135 1327 175 1388 rt
195 1297 514 1411 maloapplicatr.
544 1297 623 1380 Sed
633 1293 726 1396 hic,
744 1295 814 1380 ubi
834 1295 886 1382 de
900 1297 1014 1385 navis
1032 1329 1147 1386 motu
1166 1302 1332 1418 quaestio
1347 1301 1512 1407 cst,s1v'e
1726 1375 1729 1382 .

134 1413 222 1502 alte
234 1409 407 1522 affurgat
417 1410 569 1511 malus,
584 1411 664 1498 sive
680 1409 811 1496 brevis
825 1409 1278 1530 stt,sempcreademcst
1290 1425 1413 1508 Ratio
1424 1458 1512 1514 mo-
1642 1401 1646 1410 i

135 1530 204 1621 tiis
220 1534 333 1616 venti
350 1525 442 1612 velo
456 1531 616 1642 excepti
631 1588 643 1624 ,
658 1554 782 1642 atque
801 1531 927 1614 navis.
971 1535 1194 1648 Qtomodo
1222 1535 1332 1622 enim
1352 1567 1510 1653 ptcrna,
1572 1527 1577 1548 ¹

134 1643 243 1736 idest
261 1651 343 1729 ima
362 1641 458 1728 mali
474 1641 585 1741 calx,
601 1637 679 1728 effe
694 1640 826 1758 potest
847 1669 1050 1749 extremus
1065 1651 1190 1734 vetiis
1204 1649 1248 1734 in
1266 1650 1421 1754 carini,
1440 1661 1511 1750 cui

132 1757 351 1858 inseritur,
370 1757 484 1844 reiut
498 1761 542 1844 in
556 1755 850 1872 hypomochlio
865 1756 1097 1874 quiescens,
1117 1771 1230 1850 navis
1242 1765 1342 1854 vero
1358 1795 1441 1858 tota
1455 1775 1508 1858 fi.

132 1875 221 1965 mul
235 1871 494 1990 motaaequali
508 1901 638 1970 motu,
649 1877 846 1961 rationem
858 1873 982 1960 habet
996 1877 1416 1990 ponderisdvetieim
1447 1889 1509 1975 ui·

133 1993 349 2080 fitnonne
369 1987 731 2116 hypomochliuur,
754 1989 938 2106 pondur,
961 1999 1002 2078 &
1028 1999 1371 2114 potentia.aequali
1384 1919 1507 2117 pidne

130 2134 250 2198 motu
261 2128 505 2220 moventur?
521 2129 778 2218 nequeenim
789 2103 1317 2198 velociitsmovctutvenrus
1332 2119 1425 2204 velo
1434 2147 1507 2204 ex-

132 2251 300 2339 ceptus,
317 2215 441 2336 qudtn
454 2215 582 2336 ipsum
594 2217 753 2322 velum,
773 2249 850 2304 nec
869 2218 1006 2306 velttm
1027 2207 1205 2314 velocius
1224 2226 1347 2344 quim
1364 2239 1503 2330 navist

133 2351 283 2428 &cum
295 2332 378 2452 ipsa
391 2342 484 2420 navi
500 2331 621 2448 plane
636 2333 842 2450 aequaliter
850 2363 1038 2421 movetur
1052 2347 1198 2426 carina
1210 2349 1423 2460 punctum,
1435 2357 1505 2436 cui

130 2452 260 2542 malus
271 2449 468 2566 infigitur.
496 2453 602 2566 Qis
617 2475 752 2534 autern
767 2479 902 2538 motus
916 2480 989 2567 per
1000 2459 1184 2558 versem,
1194 2491 1273 2575 qua
1291 2461 1428 2548 vertis
1444 2445 1503 2552 est

126 2567 314 2662 Facultas
338 2567 603 2662 mechanica,
629 2561 860 2678 hujusmodi
878 2567 1144 2682 equalitatem
1159 2573 1337 2662 admittit
1357 2603 1370 2664 r
1398 2583 1502 2666 Non

129 2689 256 2799 igitur
268 2682 396 2768 malus
407 2685 450 2766 in
462 2705 575 2766 motu
589 2741 600 2780 ,
616 2710 699 2795 quo
713 2685 827 2771 navis
845 2687 1103 2801 progreditur
1115 2752 1128 2791 ,
1141 2691 1360 2779 Rationem
1371 2681 1501 2782 'vedis

131 2802 285 2888 habere
300 2798 498 2884 dicendus
515 2794 586 2879 est.

188 2913 249 3002 Sit
269 2913 395 2998 malus
423 2914 516 2998 CD
536 2912 652 3024 cujus
666 2936 809 3024 prema
837 2911 1240 3009 Cinseraturcatinae
1272 2929 1380 3032 AB,
1407 2957 1497 3016 car.

128 3033 268 3120 chefio
287 3057 425 3114 autem
450 3029 493 3111 D
522 3023 746 3142 applicetur
765 3055 842 3128 aa·

126 3177 250 3234 tenua
264 3146 360 3230 cum
374 3143 467 3226 velo
480 3143 708 3257 pendente,
724 3143 841 3254 cujus

123 3269 215 3348 imae
233 3262 504 3348 extremitates
518 3254 631 3342 navis
647 3254 840 3342 lateribus

122 3373 353 3496 opportune
370 3375 422 3458 ad
440 3400 610 3464 ventum
630 3375 720 3454 exci
752 3373 838 3456 ien·
877 3391 881 3396 “

119 3501 223 3584 dum
227 3497 479 3604 jungantur.·
494 3489 665 3572 Certum
677 3399 750 3568 esi
746 3515 834 3570 ma-

121 3613 210 3697 lum
228 3609 317 3694 CD
334 3605 486 3690 moveri
502 3599 656 3714 semper
670 3597 740 3684 srbi
760 3627 833 3714 pa·

120 3724 305 3811 salleium
341 3718 452 3819 (uifi
482 3715 589 3802 forte
625 3713 835 3830 aliquanto

117 3842 208 3960 plus
225 3834 456 3926 extremitas
474 3835 518 3918 D
531 3857 765 3928 moveatur,
779 3830 832 3915 fi-

117 3985 190 4043 cut
208 3959 253 4041 in
268 3953 436 4038 homine
452 3947 540 4064 plus
555 3974 677 4062 caput
688 3968 832 4032 move·

115 4101 182 4159 tur
196 4067 320 4187 qudm
334 4069 456 4184 pedes
471 4063 585 4180 supra
601 4061 834 4176 sphaericam
970 4081 975 4088 ·

113 4217 229 4274 terrae
248 4185 313 4272 vel
330 4213 444 4299 aqua:
468 4178 741 4295 superficiem,
759 4175 854 4266 scd.
960 4170 964 4178 ’
1352 4237 1357 4246 .

111 4301 198 4394 hoe
216 4299 321 4388 nihil
339 4297 485 4394 refert)
511 4325 646 4408 neque
677 4289 784 4409 poffe
813 4283 1000 4376 obtinere
1030 4281 1227 4364 rationem
1259 4273 1383 4398 effi
1408 4273 1483 4369 nm

112 4413 346 4536 comparate
360 4415 411 4500 ad
424 4442 520 4499 eum
530 4439 786 4522 motum,quo
800 4412 907 4494 circa
922 4404 958 4489 C
972 4423 1163 4512 tanquam
1177 4421 1284 4484 circa
1295 4425 1484 4487 centrum

111 4538 229 4739 ipset
242 4530 473 4624 conversios
495 4523 838 4644 quemadmodum
862 4521 890 4606 st
909 4511 1172 4629 deprimenda
1191 4503 1288 4593 effer
1302 4539 1419 4628 prora
1436 4527 1480 4606 δι

106 4647 308 4740 cenanda
322 4649 493 4768 puppis,
515 4672 560 4731 ut
573 4647 711 4734 catina
734 4637 815 4732 AB
842 4665 930 4726 non
943 4622 1041 4724 efftt
1058 4621 1265 4764 horizonti
1272 4628 1483 4838 paraliesla(i
1612 4633 1614 4640 '

934 4783 937 4788 ’
1429 4773 1451 4830 e
