3808 5262
515 139 882 257 Liberrertius.
935 141 1263 262 Cinorus
1462 187 1567 295 239
1628 245 1633 250 ,

190 309 307 400 suum
341 335 597 396 momentum
626 302 745 420 jnxttl
777 303 1010 392 distantiam
1040 309 1172 390 centri
1203 303 1282 392 sun·
1312 309 1518 420 gravitatis
1545 311 1576 404 tl

189 455 335 514 centro
355 421 500 510 motlts.
545 415 832 539 Qud‘autem
860 421 984 508 refert
1008 423 1148 538 (quod
1165 426 1333 540 quidem
1358 430 1503 512 attinet
1518 431 1572 519 ad

112 535 114 539 ’
192 546 299 632 hane
314 570 616 628 momentorum
626 542 873 635 Rationem)
904 540 1139 627 fiinnnum
1164 546 1407 632 continuum
1425 568 1571 659 eorpus¹
1638 545 1640 550 ’
1765 567 1771 574 “

195 664 314 748 unitae
329 657 403 742 illae
419 687 552 774 partes
572 683 933 768 coagmententur,
948 685 1006 770 san.
1017 651 1116 740 vero
1135 654 1270 742 divisa
1285 653 1365 740 solo
1381 667 1573 746 conano
1615 691 1623 704 f

192 775 263 860 fibi
273 781 452 864 invicem
462 767 696 860 a'dhaeremt
713 798 726 856 .>
745 772 970 886 eademqui
998 801 1052 885 pe
1065 770 1124 857 est
1143 771 1571 886 gravitassmgulisin-

192 893 261 1016 [tta
273 953 284 990 ,
298 889 708 1004 eademfingnlatum
723 887 747 975 d
762 915 905 973 centro
916 801 1117 1088 dillktia.
1150 892 1260 973 Cum
1277 893 1414 1006 itaque
1431 922 1571 980 centra

190 1011 434 1121 gravitatum
454 1035 480 1086 a
509 1018 552 1094 dt
570 1033 589 1080 e
608 1004 975 1121 aqualitetdistent
1045 1008 1085 1096 ,S
1099 1005 1418 1122 ‘centro'lnsotltn
1439 1005 1569 1123 partes

191 1127 230 1222 ¹C
248 1134 287 1210 dt
302 1127 347 1208 D
365 1125 700 1239 aquipondenmt
713 1159 722 1206 ε
737 1148 777 1204 nt
795 1118 985 1207 distantia
1002 1120 1471 1235 Sigtriplaestdistantiae
1489 1139 1568 1222 Sa,

190 1268 287 1352 ergo
306 1269 560 1326 momentum
577 1231 749 1353 parris'E
768 1237 933 1351 triplum
941 1235 1002 1322 est
1017 1235 1225 1346 momenti
1228 1243 1360 1353 'pnrtis
1378 1242 1415 1335 C
1430 1275 1442 1336 5
1458 1242 1569 1330 simi.

193 1357 299 1472 lique
310 1360 468 1442 ratione
479 1363 610 1472 parsF
637 1351 763 1440 habet
777 1379 1035 1438 momentum
1048 1353 1335 1470 quintuplum,
1355 1367 1397 1443 &
1417 1385 1506 1472 pars
1526 1361 1569 1446 G

194 1469 426 1589 septuplum.
453 1477 584 1586 Igitur
598 1469 917 1584 componend0,
945 1495 1200 1552 momentum
1217 1476 1571 1588 totiusaggregati
1719 1538 1729 1554 .

195 1616 364 1701 quatuor
377 1595 553 1702 partium
572 1591 615 1672 D
629 1647 641 1682 ,
654 1591 687 1672 E
702 1647 713 1685 ,
727 1591 782 1684 F,
798 1586 863 1682 G,
875 1583 934 1670 est
954 1583 1215 1700 sedeeuplum
1231 1597 1427 1674 momenti
1447 1597 1570 1706 partis

196 1707 406 1820 Cineqne
422 1708 534 1791 enim
557 1704 722 1818 singulm
744 1729 940 1816 partesex
955 1703 1036 1788 hoc
1049 1703 1163 1819 quod
1185 1709 1447 1790 cumcaeteris
1465 1735 1574 1822 pena

99 1901 102 1906 .
188 1821 333 1918 deant,
352 1817 509 1937 illisque
525 1823 779 1918 cohaereant,
803 1815 918 1903 sunm
932 1822 1126 1908 amittunt
1142 1847 1410 1906 momentum.
1452 1825 1574 1912 Hiuo

197 1934 238 2020 fit
254 1965 461 2050 momenta
475 1933 741 2022 -b‘raehiorum
764 1929 845 2020 effe
865 1938 973 2018 inter
989 1931 1026 2020 se
1045 1963 1092 2018 ut
1110 1937 1321 2050 Qadrata
1339 1937 1569 2051 longitudi-

196 2081 289 2136 num
306 2054 548 2142 eorumdem
563 2052 846 2140 brachiorum:
863 2050 1062 2164 fiquidem
1080 2049 1309 2138 ostenditur
1322 2053 1572 2174 lingularum

193 2172 363 2284 partium
386 2200 640 2257 momentum
665 2165 845 2253 erescere
868 2163 1093 2253 secundnm
1122 2169 1344 2256 Rationem
1368 2201 1567 2258 numero-

191 2313 278 2368 rum
301 2289 542 2399 imparium,
561 2313 682 2402 prout
703 2281 926 2388 seeundlnn
941 2285 1115 2370 eandem
1139 2285 1359 2372 Rationem
1380 2286 1571 2374 creseunt

193 2398 389 2488 distantiat
426 2431 663 2488 xtenerorum
702 2403 910 2514 gravitatis
951 2397 1121 2494 illarum
1192 2404 1257 2484 Sic
1305 2398 1572 2492 brachiorum

191 2511 467 2630 longitudines
490 2519 520 2602 st
544 2513 672 2617 effent
694 2523 739 2600 in
766 2519 942 2600 Ratione
971 2552 990 2600 2
1021 2519 1070 2602 ad
1098 2547 1123 2623 7
1144 2575 1156 2615 ,
1176 2515 1345 2602 illorum
1361 2549 1574 2607 momenta

191 2637 342 2832 gadtime
361 2631 440 2720 fite
462 2639 674 2750 gravitatis
690 2638 841 2720 innatae
861 2641 903 2718 nt
927 2637 1084 2720 ratione
1105 2633 1314 2746 pontionis
1329 2633 1460 2724 client
1477 2666 1574 2748 ut4;

245 2865 350 2952 Haec
369 2871 492 2954 Ratio
516 2893 820 2956 momentorum
839 2872 885 2952 in
898 2869 1076 2955 Ratione
1110 2868 1413 2983 Quadratomm
1427 2868 1566 2982 longi-

186 2983 371 3082 tudinis,
394 2985 424 3072 st
445 3015 507 3070 res
524 2981 681 3070 attente
705 2985 1007 3100 perpendatur,
1035 2985 1224 3070 omnibus
1248 2982 1308 3067 est
1329 2986 1564 3074 manifesta:
1628 3003 1630 3006 ’

192 3099 297 3184 Nam
337 3099 587 3212 singulorum
619 3098 883 3186 brachiorum
914 3104 1135 3214 gravitates
1157 3105 1274 3214 juxta
1304 3103 1564 3216 hypothefim

189 3215 439 3326 ¹aequttbilirer
465 3217 559 3302 fusae
583 3245 655 3330 per
678 3243 809 3300 totum
837 3214 948 3300 librae
970 3220 1118 3330 jugum
1150 3219 1369 3301 Rationem
1392 3223 1501 3304 inter
1528 3217 1567 3306 se

192 3327 371 3432 habent,
432 3331 707 3418 uam'illorum
723 3330 993 3446 longitudinis
1009 3331 1294 3447 propenfiones
1315 3335 1369 3420 ,td
1392 3363 1565 3436 motum,

191 3440 285 3545 seu,
311 3361 784 3564 quodeddem-reeidit,
810 3447 1008 3534 distantia
1026 3445 1052 3532 d
1073 3475 1215 3533 centro
1235 3445 1368 3535 motos
1392 3455 1565 3538 eandem

190 3568 334 3675 pariter
351 3565 574 3652 Rationem
598 3562 754 3650 habent
781 3625 793 3663 ,
830 3594 955 3680 quam
977 3564 1239 3650 brachiorum
1262 3563 1562 3678 longitudines:
1699 3585 1707 3597 “

193 3682 400 3789 Quoniam
423 3685 549 3794 igitur
577 3685 652 3778 (ut
678 3677 817 3796 saepiits
839 3679 995 3766 dmum
1022 3679 1120 3779 est,
1164 3679 1383 3798 saepit‘tsque
1414 3682 1567 3770 iterlun

188 3794 508 3893 inculcandum)
534 3821 744 3883 momenta
762 3823 1066 3910 componuntur
1077 3826 1134 3880 ex
1160 3797 1427 3912 gravitatibus
1445 3798 1574 3883 ratio·

189 3939 239 3996 ne
255 3916 434 3998 materiae
453 3974 466 4014 ,
496 3923 540 4002 δι
556 3944 608 4000 ex
624 3913 961 4031 propensioribus
976 3915 1198 4001 admotum
1212 3920 1366 3999 ratione
1384 3913 1479 3998 titus
1495 3913 1566 4000 stu

111 4113 128 4144 ι
188 4026 422 4142 positionis,
448 4033 854 4147 componunturduae
874 4033 1070 4116 Rationes
1089 4029 1393 4144 longitudinum
1409 4063 1422 4123 ι
1441 4057 1565 4148 atque

188 4145 292 4230 nded
314 4174 570 4232 momentum
595 4153 715 4232 unius
740 4146 895 4264 brachii
923 4149 975 4234 ad
993 4176 1249 4234 momentum
1274 4145 1438 4232 alterins
1471 4148 1564 4233 bra-

189 4261 271 4376 ehij
297 4261 358 4348 est
392 4265 437 4346 in
468 4261 676 4380 duplicata
706 4267 885 4354 Ratione
922 4261 1082 4350 litatum
1115 4263 1456 4376 longitudinum,
1481 4267 1565 4352 hoe

187 4375 273 4475 est,
293 4407 340 4463 ut
360 4376 534 4492 ipsarmn
551 4378 856 4494 longimdinutn
873 4383 1092 4503 Quadrata„
1131 4381 1180 4466 Id
1204 4381 1316 4498 quod
1334 4382 1480 4470 'adhue
1503 4381 1565 4468 ul·

188 4493 311 4579 terius
329 4494 385 4579 stc
406 4497 597 4612 explicati
620 4491 731 4615 'polle
754 4500 928 4586 videtur,
973 4504 1037 4584 Sit
1057 4496 1167 4581 libra
1184 4501 1334 4613 jugum
1353 4499 1416 4584 M
1434 4503 1502 4598 N,
1521 4507 1574 4586 &t

187 4607 322 4698 morus
344 4641 533 4700 centrum
558 4619 600 4702 O
616 4652 628 4699 t
646 4613 898 4732 intelligatur
916 4617 1076 4708 moneri
1098 4673 1114 4715 ,
1133 4641 1182 4700 us
1195 4615 1382 4706 obtineat
1396 4615 1563 4736 politio·

300 4801 304 4809 ,
796 4755 798 4758 ·
992 4747 996 4756 “
1465 4757 1565 4817 nem
