3834 5272
359 249 360 256 ‘
472 225 865 386 Liberquartus·.
904 243 1240 383 CAPuTIIl.
1436 292 1532 412 379

165 371 195 470 'fi
212 387 380 504 quidem
398 394 572 502 gravitas
585 390 779 478 collocata
797 395 1060 513 intelligitur,
1087 407 1157 494 ubi
1172 408 1257 497 suas
1276 449 1416 530 onmes
1434 432 1540 513 vites

164 506 351 590 omnium
365 509 538 618 partium
554 506 847 624 conspiratione
868 543 1039 620 exercet.
1057 561 1061 570 ¹
1078 529 1359 647 Qapropter,
1377 560 1422 620 ut
1432 571 1544 656 pon-·

162 621 270 702 deris
288 637 494 708 momenta
513 623 786 727 innotescant,
805 631 935 716 centri
955 643 1162 747 gravitatis
1186 677 1342 735 motum
1363 673 1555 770 perpcn-·'

162 735 285 835 dore,
302 765 349 818 ac
365 737 542 823 dimetiri
559 769 728 854 oportet.
766 746 882 830 Hinc
899 749 958 836 'est
969 757 1128 868 pondus
1152 761 1545 872 firmiteradnertum‘

164 854 271 933 vesti
288 853 456 964 perinde
470 851 507 938 se
520 856 669 941 habere
684 919 695 956 ,
713 887 835 975 atque
849 863 883 946 'sr
903 873 1026 952 vedis
1039 873 1204 986 quidam
1228 875 1375 966 curv'us
1394 885 1440 968 in·
1460 921 1535 974 an-

195 967 308 1049 ulum
320 967 494 1054 inflexus
508 975 559 1056 ad
567 977 762 1087 pandum
774 981 1067 1100 hypomochlij,
1082 992 1111 1076 st
1126 992 1173 1076 sit
1188 997 1317 1102 vedis
1328 1003 1447 1114 primi
1460 1033 1533 1117 ge·
1550 999 1568 1100 ζ

160 991 296 1180 dens,
317 1093 613 1176 extremitatem
627 1089 791 1176 alteram
808 1098 851 1176 in
866 1127 1007 1187 centro
1024 1112 1230 1220 grauitatis
1244 1117 1458 1228 ponderis,
1474 1123 1533 1208 ai-

158 1215 289 1282 tetam
310 1203 353 1282 in
370 1201 552 1316 potentii
572 1203 751 1294 haberer.
995 1257 1000 1264 ·
1151 1225 1153 1232 ’
1239 1229 1295 1274 ·“
1597 1305 1599 1310 ,
1684 1331 1689 1340 ⁴

211 1316 271 1398 Sit
289 1321 424 1402 Vectis
441 1324 571 1432 tesius
587 1324 678 1406 ΑΒ
701 1324 903 1414 horizonti
921 1337 1130 1446 parallelus
1154 1407 1165 1444 ,
1194 1345 1533 1461 hypomochiium

156 1430 316 1518 habens
329 1437 371 1516 in
388 1437 440 1532 C,
454 1447 494 1524 δι
513 1441 556 1520 in
570 1463 682 1550 parte
697 1433 885 1527 inferiore
900 1449 1027 1539 stabili
1041 1488 1150 1546 nexu
1165 1459 1414 1576 adjungatur
1425 1494 1530 1582 pon-

151 1547 270 1646 dus,
305 1550 418 1658 cujus
448 1551 655 1664 gravitatis
685 1584 870 1644 centrum
892 1569 972 1678 .I··
1062 1661 1066 1670 ,
1338 1619 1342 1628 v

152 1667 218 1749 Ex
239 1671 255 1750 Ι
274 1661 318 1747 in
335 1669 491 1752 rectem
505 1669 802 1756 horizontaiem
818 1678 973 1767 cadat·
1077 1725 1082 1733 ¹
1206 1698 1210 1724 ²
1279 1729 1284 1736 ·

152 1781 498 1896 perpendicularis
548 1787 655 1873 linea
699 1787 934 1879 diresiionis
1171 1860 1180 1893 .

148 1897 217 2003 15
235 1931 247 1990 5
269 1899 349 1980 hoc
367 1903 476 1983 enim
502 1903 838 2018 perpendiculum
856 1912 937 1995 de-'
993 1931 1025 2038 Β

153 2016 249 2098 finit
273 2013 504 2102 distantiam
529 2023 735 2130 gravitatis
757 2019 781 2106 ti
805 2029 938 2113 vecte·
975 2067 980 2078 ·
1092 2060 1095 2071 ’
1226 2125 1229 2132 .

67 2219 71 2224 ,
149 2126 224 2214 Est
239 2133 364 2241 igitur
378 2139 557 2244 potentia
569 2135 615 2218 in
634 2139 695 2236 A,
714 2147 752 2224 δι
769 2145 931 2254 pondus

149 2251 195 2329 in
217 2249 233 2326 l
255 2250 447 2358 perinde,
477 2277 599 2366 atque
635 2251 662 2332 st
683 2249 779 2338 esset
805 2263 928 2343 vestis

149 2361 240 2448 AC
257 2365 298 2454 1,
316 2369 357 2448 &
376 2391 421 2447 ut
438 2369 598 2479 pondus
610 2395 732 2483 atque
746 2383 928 2483 potentia

151 2483 196 2561 in
226 2475 369 2562 eidem
388 2482 506 2590 dinsa
528 2477 773 2571 horizontaii
805 2493 1051 2604 consrstant,
1085 2515 1251 2600 nonest
1277 2523 1529 2614 attendenda

150 2595 279 2679 vertis
291 2594 438 2712 positio
455 2601 491 2681 Α
507 2603 558 2697 Β,
574 2597 637 2685 sed
658 2605 772 2686 reeta
787 2601 903 2692 lineae
929 2615 995 2698 Al
1010 2622 1220 2740 jungentis
1230 2648 1422 2722 'centrum
1446 2671 1523 2756 po-

146 2707 290 2794 tentiae
309 2709 344 2793 ir
366 2742 610 2798 cumcontro
621 2721 831 2826 gravitatis
848 2729 1036 2838 ponderis
1050 2741 1068 2820 I
1078 2773 1089 2832 ς
1102 2747 1309 2856 quaoiinea
1324 2754 1390 2839 ΑΙ
1406 2755 1523 2846 fimul
1595 2786 1599 2792 ·

149 2826 328 2939 utaque
344 2826 394 2910 ab
409 2830 821 2934 horizontedistabit,
842 2849 882 2924 dc
898 2841 1006 2932 lin'ea
1030 2855 1121 2938 CH
1140 2863 1372 2974 adangulos
1394 2875 1550 2958 redos'
1603 2855 1608 2868 ’

147 2943 539 3028 cadensineandem
553 2945 701 3030 lineam
720 2953 789 3034 AI
804 2980 1033 3070 congruens
1053 2965 1130 3053 erit
1151 2973 1264 3063 resia
1288 2981 1406 3067 iineae
1424 2989 1520 3099 jum

146 3055 266 3169 genti
283 3063 476 3172 punsiurn
497 3062 776 3184 hypomochlij
798 3071 836 3154 C
852 3099 945 3159 eum
962 3082 1102 3167 centro
1113 3115 1238 3192 terrae,
1249 3097 1521 3208 aequilibrium

143 3175 347 3260 indicabit
357 3208 369 3266 t
386 3178 611 3294 eademque
620 3179 791 3266 definiet
805 3189 1024 3280 Rationem
1036 3206 1284 3312 ponderisad
1293 3224 1520 3326 potentiam

139 3285 414 3380 sustinentem
456 3293 765 3380 horizontoliter
802 3305 961 3414 ,juxta
997 3311 1247 3432 reciprocam
1282 3337 1519 3422 eorumdem

140 3405 378 3493 distantiam
392 3403 416 3488 i
429 3411 577 3520 pundo
597 3409 644 3492 H
659 3435 678 3504 5·
691 3426 764 3526 pto
782 3446 828 3499 ut
846 3419 916 3507 lib.
923 3455 958 3530 31.
972 3454 1058 3544 cap.
1064 3465 1101 3542 5.
1117 3437 1169 3522 de
1189 3435 1291 3525 libri
1304 3447 1428 3534 curvi
1444 3477 1528 3536 ex··
1556 3477 1567 3501 ²

141 3519 343 3639 plicantm
357 3519 428 3606 est.
454 3529 499 3607 In
516 3523 713 3638 posiuone
729 3557 862 3617 autem
874 3534 1039 3656 obliqua
1064 3551 1154 3649 AI,
1172 3557 1336 3668 quando
1347 3567 1453 3648 reeta
1465 3596 1525 3662 cx.

141 3644 182 3725 C
206 3639 257 3724 ad
272 3651 458 3724 centrum
474 3665 587 3722 tertae
603 3640 724 3726 dueta
738 3645 798 3730 est
816 3651 908 3736 CG
924 3659 1073 3754 cadens
1089 3661 1205 3782 super
1227 3674 1297 3755 ΑΙ
1314 3677 1365 3759 ad
1382 3709 1514 3794 angu-

136 3755 204 3838 los
216 3753 446 3870 inequales,
456 3753 639 3870 potentia
657 3755 851 3848 sustinens
867 3765 927 3852 est
938 3773 1173 3888 adpondus,
1189 3813 1235 3868 ut
1252 3789 1324 3872 IG
1340 3793 1391 3876 ad
1410 3797 1452 3880 G
1463 3801 1514 3882 A.
1659 3803 1663 3816 '

137 3875 255 3957 Cum
268 3867 396 3954 initur
412 3870 458 3954 stt
477 3872 696 3962 leinor
711 3875 835 3990 quim
855 3885 934 3968 IH
944 3949 955 3984 ,
977 3892 1119 3980 contra
1134 3896 1234 3984 vetd
1261 3901 1347 3990 GA
1365 3907 1512 3996 suma-

128 3992 205 4189 'ff
224 3941 356 4188 ἔξω
381 3987 475 4071 HA
497 4049 512 4124 ,A
538 3992 616 4072 ent
641 3995 775 4076 minor
803 3999 927 4083 uano
950 4006 1025 4090 1G
1047 4013 1103 4103 aa
1137 4015 1254 4117 on,
1282 4017 1405 4134 quam
1429 4029 1513 4117 tu

131 4135 157 4189 a
232 4191 234 4196 Ι
325 4167 334 4186 ⁹
1521 4172 1525 4183 .

199 4221 409 4334 Quoniam
426 4213 523 4303 verd
540 4216 648 4307 linea
661 4225 894 4317 directionis
907 4237 1095 4351 ponderis
1123 4249 1141 4329 I
1152 4249 1182 4330 Ε
1200 4233 1510 4362 perpendicula.¹

130 4336 193 4421 ris
205 4335 328 4418 estad
346 4336 504 4418 vertens
521 4341 598 4420 AB
615 4339 909 4433 horizontalem
924 4383 975 4438 ex
992 4358 1204 4472 hypothesi
1221 4424 1231 4459 ,
1258 4375 1299 4450 &
1323 4374 1523 4480 parallela'

130 4455 257 4540 linea
275 4451 312 4535 C
330 4449 393 4548 G,
412 4447 531 4534 estut
548 4457 704 4542 AGad
725 4460 816 4560 GI,
831 4469 886 4549 ita
902 4471 987 4556 Ac
1003 4475 1054 4556 ad
1071 4477 1175 4573 CE,
1190 4501 1263 4592 per
1284 4514 1321 4566 2:
1333 4483 1444 4574 lib.'6.
1461 4499 1524 4579 a'c’

52 4603 60 4614 ·
130 4593 371 4688 propterea,
386 4570 429 4647 in
447 4567 522 4650 fito
533 4571 856 4688 vedisparallelo
872 4584 1103 4686 horizonti,
1120 4589 1233 4675 locus
1248 4603 1436 4711 ponderis
1450 4610 1512 4696 est
1593 4621 1600 4660 ³

125 4693 182 4772 in
200 4687 313 4772 tede
328 4683 619 4808 determinatus
638 4689 660 4775 d
676 4690 783 4780 linei
805 4699 1036 4788 ditestionis
1054 4707 1245 4818 ponderis
1270 4743 1520 4816 occurrente·

39 4839 40 4842 κ
174 4810 197 4856 -ῐ
323 4883 347 4923 ,Ι
1069 4822 1262 4918 Bbb2
