3834 5272
392 217 495 324 364
863 171 1291 287 Mechanrcorum

378 347 452 432 dit.
498 345 679 426 Primum
695 339 805 422 enim
822 363 979 450 genus,
1001 337 1026 419 si
1051 335 1102 420 ab
1119 319 1413 449 hypomochlio
1431 336 1685 454 inaequaliter
1695 345 1754 430 di-

379 465 541 547 vid-atur
556 457 770 568 longitudo
790 458 937 552 veuit,
960 485 1004 536 ut
1023 459 1074 538 ab
1099 483 1149 534 eo
1170 453 1256 564 plns
1270 451 1393 536 distet
1409 459 1619 553 Potentia,
1635 460 1755 571 quim

378 577 570 672 Pondus,
595 579 705 678 juvat·
722 576 978 663 Potentiam5
999 568 1109 654 letus
1127 565 1295 676 veredi
1320 573 1505 676 Potentia
1533 582 1573 656 δι
1594 577 1753 660 Pondus

379 690 601 810 aequalibus
629 685 846 774 intervallis
865 687 917 772 ab
939 683 1235 802 hypomochlr'o
1256 683 1412 781 ablint,
1432 711 1503 768 aut
1532 696 1694 803 propior
1711 693 1754 774 lit

379 811 567 895 Potentia
585 801 709 920 qudm
726 805 914 895 Pondus;
934 805 1130 888 Potentiae
1145 803 1300 882 etenim
1319 828 1419 884 tunc
1433 805 1557 884 vetlis
1573 805 1638 888 vel
1656 804 1754 892 nihil

377 921 497 1010 affert
514 923 739 1030 adjumenti
756 980 767 1016 ,
788 918 853 1002 vel
867 915 1088 1033 plurimum
1102 917 1349 1002 detrimenti.
1378 918 1615 1002 Secundum
1626 950 1754 1031 genus

379 1036 575 1128 Potentiae
585 1037 766 1122 laborem
776 1029 930 1148 semper
940 1039 1102 1130 minuit,
1115 1035 1302 1116 Tertium
1318 1031 1472 1146 semper
1483 1062 1619 1144 auget.
1642 1044 1754 1156 Qo-

380 1185 475 1251 narn
496 1157 538 1240 id
558 1156 674 1269 pado
689 1155 925 1264 contingat,
943 1147 1201 1236 manifestum
1229 1146 1322 1246 fiet,
1342 1151 1370 1232 li
1389 1152 1631 1236 veuisvires
1649 1155 1754 1238 unde

379 1303 514 1366 ortum
533 1270 736 1365 habeant,
757 1259 993 1382 aperiamus.
1396 1299 1399 1308 ·

439 1393 612 1477 Certum
626 1383 685 1468 est
701 1383 784 1466 fieri
798 1413 881 1464 non
899 1377 1030 1496 polle,
1048 1411 1096 1466 ut
1116 1385 1273 1493 pondus
1289 1381 1453 1494 aliquod
1470 1408 1543 1494 per
1564 1385 1647 1465 vim
1669 1413 1752 1467 mo-

380 1536 542 1601 veatur,
561 1501 633 1586 nisi
642 1503 835 1616 potentiae
848 1505 1049 1582 moventis
1067 1505 1190 1583 virtus
1205 1499 1365 1614 luperet
1379 1501 1566 1612 ponderis
1581 1497 1755 1586 relillen·

381 1629 478 1706 tiam
496 1657 506 1715 ς
533 1620 684 1702 lienim
702 1617 786 1730 pati
804 1641 955 1696 conatu
972 1612 1244 1726 confligerent
1264 1621 1450 1728 ,sanceps
1466 1607 1566 1698 effet
1582 1615 1755 1716 vitloria,

381 1751 425 1826 ει
442 1735 574 1821 nullus
589 1725 685 1814 effer
702 1757 855 1821 motus,
869 1727 997 1816 multo
1011 1727 1179 1816 minltsd
1193 1722 1373 1845 potentii
1388 1729 1626 1828 infirmiore,
1640 1731 1756 1846 quarn

382 1854 543 1966 parsit,
569 1843 681 1932 vinci
710 1850 857 1960 poterit
873 1845 1015 1932 innata
1039 1845 1228 1962 ponderis
1249 1847 1470 1962 propenfio.
1524 1847 1622 1929 Hoc
1641 1852 1758 1960 igitur

382 1966 470 2085 ipso
485 1965 597 2082 quod
613 1989 747 2046 motus
758 1960 952 2058 efficitur,
967 1975 1208 2074 argumento
1223 1963 1282 2046 est
1295 1967 1484 2077 potentia
1499 1964 1690 2046 virtutem
1699 1995 1757 2050 re·

386 2079 560 2170 listentid
582 2078 771 2196 ponderis
792 2070 871 2166 effe
899 2079 1090 2184 majorem
1116 2097 1137 2157 ε·
1153 2079 1282 2198 Qtod
1308 2074 1406 2162 vero
1434 2081 1593 2193 pondus
1619 2081 1760 2164 uidem

385 2202 574 2314 temporis
592 2192 803 2278 intervallo
817 2192 905 2306 plus
921 2189 1030 2306 spatij
1053 2218 1125 2275 aut
1143 2195 1475 2277 minusdecu'rrat
1493 2223 1593 2309 ,pro
1608 2199 1760 2280 ratione

384 2311 567 2403 excelilrs
581 2314 728 2396 virium
738 2305 929 2422 potentia
946 2305 1060 2423 supra
1050 2310 1263 2506 ssponderis
1278 2307 1539 2394 resistentiam
1549 2309 1758 2412 delinitur,

385 2429 523 2518 namsi
540 2423 785 2544 perexiguus
804 2423 928 2509 fuerit
947 2453 1048 2508 exce
1082 2453 1147 2522 us,
1162 2424 1392 2509 movebitur
1412 2427 1579 2538 quidem
1592 2429 1759 2538 pondus,

386 2547 452 2632 sed
474 2543 587 2637 tarde
614 2575 624 2636 3
651 2542 710 2624 srn
728 2567 865 2623 autern
883 2544 1072 2655 potentiae
1092 2541 1220 2626 virtus
1238 2535 1365 2651 longe
1385 2542 1555 2624 excedat
1574 2541 1762 2652 ponderis

385 2669 512 2760 vires,
528 2689 616 2743 earn
627 2655 795 2740 celerior
810 2683 944 2738 motus
963 2653 1245 2768 consequetur.
1290 2658 1342 2738 Et
1354 2643 1623 2771 haec'quidem
1640 2659 1760 2742 intel-

384 2779 461 2894 ligi
482 2780 677 2864 haetenus
692 2770 827 2868 velim,
844 2771 1010 2887 quando
1024 2776 1206 2885 potentia
1221 2779 1263 2857 δι
1272 2772 1435 2884 pondus
1443 2775 1558 2886 juxta
1569 2773 1760 2885 aequalem

385 2894 496 3012 spatii
514 2887 815 3002 longitudinem
825 2885 912 3001 pari
929 2886 1146 2970 velocitate
1159 2911 1470 3002 promoventur,
1489 2889 1628 3000 utipla
1644 2919 1761 3005 expe

384 3015 530 3096 rientia
545 3001 733 3090 omnibus
750 3001 1007 3086 manifestum
1019 2999 1118 3087 facit
1133 3036 1146 3096 5
1165 3031 1288 3086 nemo
1299 3003 1496 3115 siquidem
1508 3004 1694 3100 dubitat,
1711 3037 1763 3088 an
1883 3099 1884 3106 Ν

386 3157 526 3212 currus
548 3118 972 3230 avalidioribusequis
990 3117 1159 3202 celerius
1181 3113 1304 3236 quim
1327 3115 1568 3202 adebilibus
1590 3123 1762 3204 canthe-
1883 3109 1884 3120 ἵ

386 3243 454 3328 riis
474 3241 676 3328 trahatur5
690 3245 731 3319 &
747 3230 770 3316 d
787 3230 1009 3317 robustiore
1025 3231 1161 3344 bajulo
1180 3233 1299 3318 citilts
1314 3229 1437 3347 quam
1454 3233 1507 3318 ab
1523 3233 1764 3320 irnbecillio-
1828 3233 1832 3240 ’
1883 3221 1884 3238 ¹

386 3391 430 3442 re
447 3387 550 3440 onus
565 3359 608 3436 in
623 3349 870 3434 destinatum
889 3348 1027 3430 locum
1051 3343 1254 3446 transferri
1271 3349 1456 3462 quotidie
1476 3350 1672 3434 viderunt.

446 3483 499 3560 Ut
515 3473 638 3581 igitur
651 3469 765 3550 veste
777 3463 1107 3576 pondusmoveri
1117 3463 1269 3561 valeat,
1289 3465 1355 3548 lex
1372 3465 1459 3550 haec
1480 3464 1624 3550 eadem
1642 3466 1764 3552 stabi-

387 3589 434 3674 lis
448 3599 489 3673 &
504 3585 617 3668 firma
637 3607 888 3696 permaneat,
908 3562 1066 3664 netelle
1083 3576 1166 3675 est,
1189 3609 1233 3664 ut
1247 3579 1438 3694 ponderis
1456 3577 1674 3664 resistentia
1691 3591 1767 3668 mi·

387 3735 462 3790 nor
481 3703 526 3785 lit
544 3707 694 3784 virtute
706 3700 897 3812 potentiae
915 3692 1130 3784 moventis.
1173 3702 1283 3818 Qia
1297 3691 1401 3779 verd
1419 3693 1637 3780 refistentia
1656 3731 1768 3782 corn

386 3823 612 3937 poniturex
625 3813 764 3896 innatal
776 3811 974 3924 ponderis·
983 3816 1205 3924 gravitate,
1225 3829 1267 3897 ὅ(
1284 3839 1334 3896 ex
1354 3809 1486 3895 rnotlrs
1500 3811 1668 3896 violenti
1685 3843 1768 3898 tar-

387 3937 517 4021 ditate
529 3959 599 4015 aut
616 3927 858 4024 velocitate,
884 3927 965 4010 hoc
983 3925 1110 4012 estex
1129 3925 1264 4013 urotlls
1288 3923 1527 4036 hujusmodi·
1544 3934 1771 4042 quantitate

388 4059 491 4135 intra
503 4051 639 4134 datam
649 4045 841 4155 temporis
857 4039 1082 4144 mensuram
1093 4077 1104 4137 3
1124 4071 1336 4160 propterea
1346 4046 1402 4124 ita
1412 4044 1496 4128 duo
1509 4044 1597 4126 haet
1612 4071 1770 4160 tempe·-

387 4165 464 4251 rari
482 4187 665 4278 oportet,
687 4187 732 4240 ut
746 4159 858 4271 quod
873 4155 986 4239 alteri
1006 4159 1193 4259 additur,
1213 4159 1330 4243 alteri
1344 4159 1531 4244 dematur
1553 4191 1565 4252 ς
1594 4189 1647 4241 ne
1662 4160 1770 4248 adeo

389 4282 609 4364 resistentia
637 4301 865 4385 augeatur,
892 4299 937 4354 ut
956 4277 1041 4385 jam
1058 4281 1193 4360 minor
1214 4304 1297 4358 non
1323 4273 1369 4356 fit
1391 4279 1543 4358 vit-tute
1567 4288 1772 4389 potentia.

390 4402 530 4512 Qare
548 4391 730 4488 invene,
752 4391 864 4497 cujus
892 4395 1135 4478 extremitati
1158 4396 1193 4477 A
1215 4393 1396 4505 potentia
1411 4389 1637 4505 applicatur
1653 4421 1775 4480 certa

316 4589 319 4598 .
388 4501 574 4606 virtutis,
592 4511 648 4589 ita
670 4505 902 4592 statuendus
915 4501 974 4587 est
986 4505 1282 4621 hypomochlio
1301 4507 1338 4588 C
1354 4503 1491 4604 locus,
1508 4533 1553 4589 ut
1567 4535 1775 4624 compara·

388 4653 559 4744 tomotu
574 4621 770 4738 potentiae
786 4627 831 4705 in
847 4623 888 4710 A
904 4651 1000 4708 curn
1013 4647 1129 4707 motu
1140 4617 1383 4742 ponderisin
1400 4628 1455 4721 B,
1470 4649 1519 4706 ea
1537 4617 1584 4703 lit
1597 4627 1778 4740 motllrss

689 4779 694 4786 ·
1226 4765 1228 4770 ’
1587 4744 1777 4838 tarditati
