3834 5272
489 207 644 324 Liber
661 239 884 366 quartus.
929 205 1140 326 CAPuT
1169 219 1273 328 IV.
1462 226 1562 362 387

181 381 355 496 reliquis
379 377 398 470 (
408 401 454 460 ut
467 401 518 460 ex
535 378 705 460 Sinuum
725 367 907 456 doctrina
920 369 1179 462 manifestum
1192 375 1274 475 est,
1291 405 1369 464 nec
1384 407 1485 494 opus
1504 381 1574 482 est¹

184 499 261 586 hle
274 494 487 597 ostendere
503 496 516 588 )
539 486 630 576 sunt
644 487 756 576 enim
770 517 911 574 omnes
924 493 969 573 in
986 492 1163 578 Ratione
1176 497 1296 610 Radij
1316 499 1394 584 CB
1411 498 1463 584 ad
1479 501 1565 586 Ra-

181 615 306 703 dium
324 610 430 696 CA..

251 727 396 841 Longe
414 722 529 808 aliter
543 717 581 806 se
594 751 654 808 res
668 717 817 820 habet,
831 721 997 837 quando
1011 753 1125 809 extra
1143 725 1450 816 retransmeant
1468 731 1566 844 jun-

185 873 358 960 gentem
377 841 573 956 punslum
595 837 712 924 fulcri
737 867 834 921 curn
858 840 1042 954 potentitl
1066 841 1125 926 est
1146 871 1334 942 centrum
1358 845 1565 956 gravitatis

186 960 394 1078 ponderis.
439 960 551 1042 Nam
571 953 600 1038 st
628 952 743 1042 vetti
769 957 895 1040 CBA
920 955 1152 1070 impositum
1178 957 1225 1044 fit
1240 961 1427 1073 pondus,
1450 966 1567 1074 cujus

185 1104 380 1162 centrum
394 1067 601 1185 gra-vitatis
626 1069 673 1154 sit
689 1072 755 1168 D,
773 1069 956 1182 potentil
983 1075 1021 1155 A
1039 1071 1291 1160 describente
1306 1069 1447 1160 arcum
1475 1080 1600 1196 AQ

188 1219 380 1278 centrum
406 1185 614 1300 gravitatis
640 1183 830 1298 ponderis
857 1182 1047 1274 describit
1070 1219 1210 1274 arcum
1237 1191 1355 1290 DE,
1376 1196 1447 1307 qui
1467 1191 1569 1278 licet
1622 1224 1635 1232 ·

137 1353 152 1368 ·
187 1306 358 1422 aqualis
380 1303 428 1388 stt
446 1304 559 1396 arcui
586 1305 670 1390 BD
689 1335 700 1394 5
721 1299 846 1388 habet
871 1329 1013 1388 tamen
1037 1300 1242 1391 ascensum
1271 1307 1350 1393 HI
1373 1307 1572 1414 majorem¹

191 1421 444 1540 qnlm'BH:
461 1423 587 1531 igitur
602 1412 783 1504 ascensus
801 1418 879 1501 AL
898 1417 950 1504 ad
970 1419 1016 1502 H
1027 1422 1045 1504 Ι
1059 1424 1275 1533 majorem,
1291 1421 1565 1510 habetmino-

157 1573 164 1580 ·
189 1569 281 1627 tem
292 1531 644 1647 Rationemqutlm
660 1533 710 1617 ad
724 1539 754 1616 Β
767 1534 813 1617 H
830 1536 1044 1632 minorem,
1059 1563 1109 1621 ex
1125 1535 1231 1620 alib.
1238 1569 1273 1645 5.
1289 1541 1414 1648 igitur
1426 1542 1470 1622 in
1485 1539 1573 1624 hoo

189 1681 310 1740 motu
330 1653 518 1738 Potentia
531 1652 581 1736 ad
599 1649 967 1736 Ponderitmotum‘
986 1645 1113 1760 habet
1126 1654 1325 1736 minorem
1337 1657 1574 1753 Rationem,

191 1765 362 1886 qttalmst
381 1793 568 1852 centrum
588 1766 794 1878 gravitatis
807 1761 997 1879 ponderis
1011 1759 1109 1852 etset
1126 1769 1171 1850 in
1188 1773 1246 1864 Bt
1264 1795 1364 1884 ergo
1374 1773 1571 1888 majorem

189 1881 401 2000 experitur
414 1887 460 1968 in
475 1883 679 1966 movendo
692 1877 985 1966 difficultatem.

254 1991 412 2086 Contrtl
427 1993 528 2084 verb
552 1996 580 2084 st
606 1998 766 2111 pondus
786 1995 834 2078 stt
859 1993 963 2082 velli
988 1995 1115 2084 CBA
1141 1989 1359 2104 subjeetum
1374 2063 1387 2100 ,
1402 1997 1570 2118 ejusque

192 2145 383 2204 centrum
393 2117 599 2226 gravitatis
612 2113 660 2228 stt
674 2113 737 2205 05
752 2111 852 2195 dum
867 2113 1049 2226 potentia
1060 2109 1298 2200 ‘Adescnibit
1308 2147 1449 2204 arcum
1464 2122 1585 2249 AQ

102 2293 107 2303 ·
184 2257 381 2322 ..centrum
401 2232 608 2342 gravitatis
631 2231 673 2312 O
700 2223 891 2311 describit
908 2257 1050 2312 arcum
1069 2228 1182 2326 OB,
1204 2227 1372 2345 ejusque
1388 2229 1570 2322 ascensus

193 2347 258 2436 est
280 2351 326 2434 O
339 2354 378 2434 V
400 2379 413 2441 5
438 2348 554 2460 atqui
579 2346 621 2430 O
637 2350 675 2430 V
693 2341 896 2428 minorest
907 2337 1032 2458 qutlm
1047 2347 1138 2432 BH
1148 2378 1165 2461 5Ι
1178 2363 1279 2458 ergo
1294 2351 1331 2430 A
1344 2349 1376 2432 L
1389 2346 1570 2438 ascensus

187 2467 387 2582 potentiae
401 2459 455 2546 ad
473 2464 514 2544 O
530 2467 566 2548 V
584 2464 784 2552 minorem
799 2456 857 2542 est
871 2461 915 2542 in
923 2463 1065 2570 majori
1079 2461 1258 2546 Ratione
1276 2457 1399 2578 qubm
1415 2466 1570 2552 adBH

190 2581 389 2689 majorem
405 2611 419 2671 ς
438 2575 497 2660 est
512 2603 648 2662 autem
668 2576 746 2660 Hl
763 2573 893 2683 major
909 2571 1035 2691 quarn
1056 2577 1174 2670 BH;
1193 2603 1292 2690 ergo
1308 2579 1389 2668 AL
1401 2581 1453 2666 ad
1472 2584 1514 2667 O
1530 2588 1572 2670 V

128 2725 139 2740 ·
191 2696 329 2788 multo
350 2696 545 2806 majorem
559 2694 778 2776 Rationem
802 2689 928 2778 habet
941 2683 1128 2808 qualiued
1150 2694 1198 2776 H
1210 2697 1241 2778 Ι.
1280 2695 1389 2806 Ergo
1398 2693 1491 2780 dati
1503 2693 1570 2782 el-

189 2815 295 2900 dem
310 2809 431 2896 veens
446 2807 668 2922 positione,
691 2807 920 2922 eodemque
940 2836 1057 2894 motu
1072 2869 1084 2907 ,
1098 2807 1225 2916 major
1242 2807 1413 2900 facilitas
1433 2815 1511 2896 erit
1524 2812 1571 2898 in

183 2927 395 3016 ‚elevando
416 2925 596 3038 pondere
610 2922 788 3008 habente
803 2949 991 3008 centrum
1003 2928 1210 3038 gravitatis
1226 2922 1332 3013 infra
1350 2927 1507 3011 vetlem
1525 2915 1571 3012 in

110 3149 115 3156 ‚
193 3048 240 3130 Ο
252 3107 265 3141 ,
277 3043 400 3158 quim
413 3041 440 3124 st
454 3036 555 3122 illud
571 3035 719 3124 habeat
735 3035 849 3152 supra
862 3038 1017 3122 vestem
1030 3043 1074 3122 in
1089 3041 1147 3124 D.

255 3160 408 3245 Eadem
435 3158 513 3243 erit
536 3152 837 3238 demonstrandi
858 3153 1078 3240 methodus
1093 3157 1137 3240 in
1153 3161 1305 3243 caeteris
1320 3155 1568 3244 ascensibus:

195 3275 507 3388 nam-porentia
534 3297 772 3382 percurrens
800 3297 940 3353 arcum
966 3267 1055 3357 AT
1077 3268 1204 3359 babet
1224 3273 1431 3360 ascensum
1458 3277 1570 3372 AM,
1739 3367 1742 3374 ,

194 3421 388 3482 centrum
411 3393 453 3472 D
479 3390 676 3501 percurrit
692 3415 831 3472 arcum
857 3386 966 3484 DF,
980 3385 1096 3493 cujus
1111 3385 1296 3475 ascetriis
1312 3385 1497 3474 mensura
1510 3389 1570 3474 est
1604 3419 1612 3430 ·

185 3515 246 3598 -H
257 3511 315 3604 143
331 3533 519 3592 centrum
543 3529 680 3584 autem
696 3505 737 3584 Ο
756 3529 991 3618 percurrens
1006 3531 1148 3588 arcum
1173 3509 1215 3591 Ο
1227 3509 1271 3590 D
1289 3505 1415 3598 habet
1429 3501 1570 3590 ascen-

154 3623 287 3726 .<*sum
305 3627 346 3709 O
361 3625 422 3707 X:
447 3615 542 3706 clun
564 3621 691 3728 igitur¹
715 3619 806 3701 ΟΧ
827 3615 960 3710 minor
975 3616 1024 3700 sir
1038 3615 1162 3732 quam
1187 3627 1274 3720 BI,
1292 3632 1335 3708 δι
1352 3621 1422 3706 bic
1437 3619 1572 3708 minor

62 3785 66 3790 ·
193 3733 591 3860 qulmHK,etiam
607 3737 641 3816 Α
655 3731 706 3814 Μ
721 3733 773 3818 ad
790 3735 882 3824 ΟΧ
896 3735 1095 3820 minorem
1105 3735 1382 3856 estinmajore
1392 3737 1573 3824 Ratione

182 3855 327 3978 quam
340 3855 392 3942 ad
413 3854 507 3942 HK
527 3849 736 3966 majorem.
1410 3925 1411 3932 a

194 4037 201 4044 .
260 3979 311 4059 Et
327 3974 417 4058 haec
440 3969 609 4085 quidem
625 3967 825 4052 haetenus
842 3965 951 4054 disla
964 3965 1249 4081 intelliguntur
1268 3969 1450 4066 devetle
1466 3971 1571 4060 infra

179 4095 349 4192 =lineam
378 4088 582 4178 horizonti
600 4080 829 4197 parallelum
852 4080 1034 4200 depresso
1054 4119 1067 4180 3
1088 4089 1314 4174 namvette
1333 4083 1448 4202 supra
1462 4089 1572 4174 hori-

180 4206 404 4304 ¹eontalem
423 4205 574 4290 lineam
587 4197 770 4298 elevato,
785 4200 987 4292 contraria
1004 4200 1160 4320 prorsus
1186 4203 1376 4292 accidere
1386 4233 1441 4290 ex
1459 4205 1573 4293 diuis

194 4322 508 4417 demonstratur.
545 4321 732 4432 Concipe
748 4319 903 4402 vetlem
923 4322 1008 4408 AC
1025 4319 1230 4411 elevatum
1253 4315 1366 4432 supra
1381 4320 1572 4408 horizon-

173 4473 300 4545 σφω,
314 4441 572 4557 pondus-OB
589 4431 648 4518 est
661 4434 719 4519 illi
730 4433 973 4550 impostum,
987 4439 1148 4554 pondus
1159 4441 1246 4525 DB
1257 4433 1317 4524 est
1328 4433 1579 4548 subjeetum.

199 4559 368 4680 quando
398 4551 580 4672 potentia
602 4549 826 4641 ascendens'
841 4579 915 4666 per
937 4585 1076 4640 arcum
1106 4554 1196 4676 Q
1223 4551 1573 4648 babetascensum

137 4742 143 4751 .
189 4685 308 4808 LA,
327 4671 804 4785 cenmtmqgravimiffl
832 4666 1023 4762 describit
1039 4672 1312 4882 anurnCBO,
1330 4670 1581 4768 &mentua

175 4827 286 4881 nm.
313 4828 327 4876 :
555 4875 569 4888 x
1229 4815 1285 4872 CC
1333 4823 1356 4882 λ
