3918 5262
353 230 400 332 ·4
617 223 621 239 '
695 127 728 232 ‘l
833 175 1254 301 Meclanic'orum
1291 213 1310 232 ““
1338 161 1396 264 '“l

351 352 421 440 sed
446 379 498 436 etr
526 339 697 432 omninb
726 345 918 433 fimilibus
942 346 1168 434 substantiae
1191 343 1372 466 partibus
1398 375 1507 432 totus
1530 334 1600 432 hic
1619 344 1741 432 orbiu·
1796 345 1804 352 “

350 465 622 562 conflaretur,
638 461 747 546 nulla
759 493 924 579 quoque
936 459 1034 548 esset
1048 493 1119 548 aut
1131 470 1303 579 gravitas
1317 526 1331 564 ,
1344 493 1414 547 aut
1430 464 1582 547 levitas.
1610 463 1726 578 Qid

351 585 467 668 enim
477 580 565 664 haec
607 576 713 663 otilts
727 576 1728 692 pars,nullanatutaaconditioneaicaetetisdiscte·

350 725 419 794 ta,
437 720 549 810 petat
560 606 691 778 abesse
715 689 914 792 icentro,
933 692 998 777 illa
1014 691 1115 778 verb
1132 700 1270 811 exigat
1287 700 1330 777 in
1349 724 1400 778 eo
1412 690 1729 809 conquiescere?

350 811 495 898 veriam
521 813 616 922 quia
636 806 852 924 multiplici
878 837 1093 924 corporum
1116 838 1266 924 genere
1288 837 1571 925 coagmentata
1593 838 1727 894 rorum

351 922 587 1011 univerfitas
601 927 848 1008 inconcinna
859 917 938 1007 elle
952 955 1037 1007 non
1054 930 1209 1040 potuit,
1221 922 1336 1009 suurn
1349 929 1497 1040 cuique
1508 923 1645 1008 locunt
1657 953 1728 1007 na-

351 1070 442 1126 tuta
460 1038 625 1137 tribuit,
643 1042 782 1153 inquo
798 1036 833 1122 se
851 1038 1029 1138 sisteret,
1042 1068 1088 1122 ut
1104 1039 1209 1126 infra
1223 1040 1310 1124 haec
1326 1042 1494 1154 quidem
1502 1037 1726 1126 descende·

300 1175 302 1180 '
323 1231 326 1238 ,
350 1185 440 1255 ret,
461 1151 576 1270 suprd
598 1153 667 1240 illa
687 1149 788 1238 verb
811 1151 1043 1239 ascenderet
1062 1156 1124 1254 ,st
1145 1157 1310 1270 quando
1331 1154 1402 1239 fibi
1425 1158 1602 1239 invicem
1620 1183 1723 1238 con-⁴

352 1277 469 1386 tigua
493 1271 638 1354 fierent
652 1269 795 1352 ordine
815 1270 1085 1384 praepostero,
1110 1301 1188 1354 nec
1214 1270 1319 1354 ullus
1340 1263 1439 1354 esl'et
1460 1275 1591 1354 motui
1607 1271 1724 1355 obex.
1850 1357 1851 1360 a

351 1389 467 1498 Ciam
492 1389 628 1499 itaque
659 1412 826 1499 corpora
847 1383 1003 1498 singula
1027 1383 1189 1468 insrtam
1213 1383 1392 1469 babeant
1416 1386 1726 1499 propensionem

351 1502 431 1600 (ab
450 1497 665 1586 Aristotele
678 1497 947 1603 dicituripul)
980 1529 1060 1614 qua
1077 1509 1224 1616 petunt
1240 1527 1397 1583 certum
1411 1499 1549 1583 locum
1570 1507 1614 1585 in
1628 1505 1724 1584 uni-

351 1613 659 1712 versotcon'stat
670 1641 810 1728 praetet
823 1610 1156 1699 descendentium
1168 1620 1407 1727 gravitatem
1419 1614 1504 1698 dari
1518 1620 1641 1702 etiam
1652 1644 1727 1730 po-

352 1733 512 1820 fitivam
537 1729 769 1828 levitatem,
788 1731 868 1843 qual
888 1759 1032 1845 corpus
1047 1729 1215 1846 aliquod
1241 1727 1278 1814 se
1299 1725 1426 1842 ipsum
1446 1759 1657 1845 promovet
1673 1731 1727 1816 ad

353 1845 574 1966 superiores
587 1871 717 1958 partes
733 1845 908 1930 universi
925 1842 948 1928 d
962 1872 1102 1931 centro
1123 1843 1252 1958 magis
1274 1843 1493 1942 distanteS,
1509 1875 1642 1962 neque
1661 1844 1729 1944 so·

351 1963 439 2051 liam
464 1961 759 2046 admittendam
780 1961 987 2046 levitatem
1010 1966 1276 2075 negativam,
1301 1958 1382 2075 qud
1404 1987 1572 2075 corpora
1590 1961 1727 2051 nunbs

353 2083 496 2194 gravia
518 2072 733 2160 censentur
749 2073 874 2174 levia,
892 2075 920 2160 st
937 2107 1079 2162 eorum
1094 2107 1189 2160 cum
1209 2073 1543 2189 gravioribus-fiat
1561 2107 1726 2192 compa-

330 2289 333 2296 ,
353 2199 468 2280 ratio.
498 2195 609 2276 Nam
625 2191 712 2273 fica
724 2251 735 2286 ,
749 2221 837 2306 quat
855 2189 962 2277 levia
969 2193 1162 2278 dicuntur
1174 2252 1185 2288 ‚
1199 2191 1486 2276 eatenusdicas
1496 2189 1732 2296 ascendere,

352 2335 555 2427 quatenus
585 2302 609 2389 d
628 2306 879 2418 gravioribus
901 2316 949 2391 in
969 2308 1207 2392 inferiorern
1225 2305 1363 2390 locum
1386 2301 1726 2394 descendentibus

350 2421 635 2540 propelluntur
651 2453 664 2514 ς
680 2422 784 2506 mihi
809 2421 926 2536 aque
946 2423 1120 2506 liberum·
1145 2428 1227 2504 erit·
1238 2421 1377 2504 tollere
1402 2449 1565 2505 ornnem
1586 2425 1727 2539 positi·

238 2585 240 2592 ·
352 2571 447 2627 vam
466 2542 727 2652 gravitatem,
751 2531 832 2620 soll
854 2539 1021 2622 levitate·
1035 2534 1204 2622 admissi
1219 2569 1236 2630 3·
1254 2545 1295 2621 δε
1311 2541 1449 2620 omnia
1466 2542 1615 2734 pariter
1644 2538 1725 2624 sol·-

352 2685 448 2741 vam
470 2654 649 2739 dicendo
669 2681 717 2734 ea
739 2657 875 2764 gravia
893 2649 1067 2750 conseri,
1085 2680 1174 2768 quae
1194 2650 1329 2737 minus
1348 2649 1452 2736 levia
1484 2680 1558 2735 unt
1571 2683 1726 2771 ,atque

234 2805 238 2812 ·
352 2767 451 2858 ideb
472 2765 631 2852 tantiam
643 2763 911 2865 descendere,
931 2761 1046 2883 qudd
1059 2763 1305 2852 extrinsecus
1319 2763 1342 2850 d
1355 2765 1727 2862 levioribus-ascen-

352 2884 545 2974 dentibus
562 2883 656 2966 loco
669 2879 781 2996 pulsa
791 2884 1078 2981 detrudantur,
1092 2911 1179 2966 non-
1187 2877 1303 2996 qubd
1322 2881 1543 2967 abinternd
1556 2881 1728 2968 faculta-

354 3028 395 3086 te
415 2997 602 3086 deorsum
617 2997 888 3111 impellantur,
916 2999 1042 3116 Qtod
1057 2997 1085 3080 st
1103 2995 1165 3081 vel
1185 3001 1357 3110 gravitas
1367 2999 1419 3080 dt
1433 2998 1569 3082 medio
1580 2999 1729 3086 tollen

353 3119 407 3202 da
422 3116 494 3212 stt,
513 3113 578 3201 vel
596 3113 764 3207 leuitas,
781 3109 898 3198 fitius
914 3114 974 3197 est
989 3113 1198 3198 levitatem
1218 3109 1474 3226 relinqueret
1496 3117 1643 3201 natural·
1660 3124 1726 3201 vi-

332 3229 504 3318 'delicet
523 3229 578 3314 ad
596 3227 737 3326 altiora
757 3225 938 3342 semper,
958 3239 999 3314 &
1025 3228 1264 3343 perfectiora
1284 3223 1479 3342 aspirante
1492 3289 1503 3326 ,
1516 3254 1595 3314 ¹nec
1617 3229 1735 3318 adeb

352 3346 633 3432 contendente
653 3344 705 3428 d‘e
718 3343 858 3427 infimo
874 3342 977 3428 loco.
1005 3349 1144 3460 Qare
1160 3342 1255 3428 clun
1271 3371 1343 3457 per
1352 3347 1595 3455 gravitatem.
1604 3345 1728 3432 solam

293 3473 302 3478 ’
354 3459 472 3578 aeque
484 3490 531 3544 ac
540 3488 613 3574 pet
625 3455 746 3542 solam
765 3457 971 3544 leuitatem
981 3487 1113 3543 motus
1128 3457 1192 3551 isti
1212 3457 1467 3572 explicentur
1476 3519 1492 3558 ,.
1507 3471 1728 3578 caeteroqui

354 3606 493 3664 autem
506 3579 688 3687 ingenita
698 3573 745 3658 stt
759 3573 983 3688 unicuique
1000 3579 1159 3688 corpori
1168 3569 1225 3656 sui
1241 3571 1323 3656 loci
1334 3580 1560 3687 exigendas
1575 3605 1728 3668 utram-

354 3723 436 3811 que
450 3692 662 3776 admittere
676 3693 819 3772 rationi
838 3689 1012 3776 maxitnb
1025 3685 1484 3776 consentaneumsuetit.

316 3909 322 3916 ι
413 3811 603 3895 Vitreum
621 3797 791 3916 globum
803 3836 999 3908 vacuum,
1020 3809 1156 3921 quiin
1173 3805 1363 3892 eubulum
1391 3837 1607 3900 recurvum
1624 3815 1729 3900 d'efia

353 3953 449 4022 nat,
473 3919 608 4038 quoad
630 3919 717 4003 fieri
731 3920 888 4035 potest,
906 3921 1168 4026 calefactum,
1191 3952 1238 4010 ut
1260 3919 1435 4008 inclusus
1453 3939 1523 4012 adt
1544 3929 1728 4030 rarescat,

352 4034 597 4126 Hermeticb
609 4033 750 4121 claude
770 4075 779 4119 :
798 4061 888 4121 tum
900 4039 1114 4155 adjiciatur
1125 4069 1355 4156 congruent
1369 4039 1525 4168 plumbi
1538 4051 1735 4159 gravitas,

353 4153 436 4271 qud
453 4151 559 4238 infra
572 4178 721 4264 aquam
735 4151 998 4268 deprimatur.
1019 4161 1078 4241 Sit
1097 4187 1235 4243 autem
1255 4156 1424 4271 globus,
1449 4155 1726 4248 undcumad-

349 4273 459 4388 jcdto
477 4265 672 4384 plumbo,
689 4296 897 4354 connexus
910 4303 1010 4358 cunt
1021 4275 1228 4390 exquifitae
1238 4273 1350 4360 librat
1361 4273 1541 4376 brachio,
1557 4306 1628 4362 aut
1641 4277 1730 4362 lan·

350 4417 426 4487 ce,
447 4379 614 4496 ejusque
635 4386 808 4493 gravitas
827 4383 935 4471 intra
949 4389 1359 4507 aquamexploretut:
1378 4391 1449 4476 ubi
1467 4398 1641 4504 gravitas
1654 4398 1725 4478 in-

350 4503 556 4594 a'aotuerit,
573 4497 711 4584 adhuc
721 4496 792 4584 sub
812 4500 919 4618 aqud
935 4507 1158 4590 retineatur
1177 4506 1343 4621 globus,
1357 4502 1428 4592 sed
1443 4507 1633 4624 longiore·
1641 4509 1727 4592 sor-

342 4616 445 4730 'cipe
464 4641 694 4706 extremum
714 4615 848 4711 tubuli
871 4647 993 4738 caput
1006 4619 1215 4716 occlusum
1228 4624 1438 4738 frangatur
1455 4661 1465 4710 ε
1484 4635 1526 4716 oc
1540 4627 1729 4711 animad-

428 4773 433 4778 ’
628 4805 632 4812 -
1595 4767 1734 4831 Vestes
