3808 5262
485 162 641 280 Liber
654 171 847 293 tetrius.
893 167 1111 318 CAiuT
1130 173 1256 285 Vll.
1322 181 1325 188 ’
1456 161 1569 320 289

175 331 324 422 larium
335 347 547 448 appareat,
568 361 754 426 centrum
769 315 905 417 'morde
916 333 1170 450 inaequaliter
1182 332 1330 420 dividit
1343 332 1573 451 longitudj.

180 481 283 537 nem
295 453 401 561 jugi.
443 449 632 543 Similiter
645 451 671 532 st
686 451 774 560 jugi
789 448 1138 564 quidem'materia
1152 451 1404 564 aequabiliter
1418 455 1465 536 srt
1483 482 1576 566 gra·i

179 573 269 664 vis,
289 565 357 663 sed
377 561 637 654 brachiorum
656 565 971 678 inequalitatem
989 563 1032 650 su
1062 567 1170 682 pleat
1199 569 1378 665 lanciunt
1398 579 1574 679 gravitas

180 677 400 797 reciproci:
422 681 668 796 inaequalite
695 679 913 795 aequilibris
940 687 1017 765 erit
1034 595 1309 774 libravacuut
1338 683 1407 770 sed
1420 689 1575 771 damno

177 801 378 915 emptoris
405 827 519 886 meni
538 795 715 908 longiori
749 799 902 914 brachij
926 797 1164 885 adneditut.
1213 803 1354 916 Quare
1374 829 1418 884 ut
1436 829 1571 917 pateat
1697 806 1699 822 ’

177 915 324 1012 dolus,
341 909 696 1028 faiioaequilibrio
720 917 1079 1016 intermercernae
1103 915 1289 1030 pondus,
1307 913 1441 1005 statim
1461 949 1577 1002 com·
1610 927 1613 946 '

178 1059 301 1118 muta
319 1028 454 1116 lantes
467 1039 542 1127 a&
563 1031 724 1144 pondus
739 1035 869 1144 majus
883 1060 934 1118 cx
950 1029 1136 1142 longiore
1155 1030 1325 1116 brachio
1335 1029 1469 1116 multd
1484 1033 1577 1148 plut

180 1145 359 1232 habebit
375 1149 600 1241 momenti,
626 1143 751 1262 quim
765 1175 879 1235 merx
900 1177 951 1232 ex
970 1148 1142 1232 brachio
1165 1145 1350 1230 breviore
1369 1185 1380 1230 t
1398 1147 1573 1248 idcirco,

180 1261 281 1354 srex
292 1261 473 1377 pondere
486 1262 691 1360 dematur,
715 1261 915 1378 quantum
930 1259 1022 1373 satie
1038 1262 1085 1344 fit
1110 1263 1162 1350 ad
1185 1261 1462 1375 aequilibrium
1479 1291 1577 1350 cum

180 1378 489 1495 meteeiterutn
503 1374 780 1478 statuendum,
823 1375 1043 1488 luatnercis
1064 1375 1236 1464 habebit
1248 1407 1410 1494 emptor
1421 1439 1437 1478 ,·
1448 1381 1576 1498 quim

175 1523 263 1615 pre
277 1490 448 1609 oppositi
467 1487 659 1606 ponderis
673 1511 771 1580 men
788 1491 872 1580 urzi.
1492 1585 1500 1598 ,

248 1602 442 1696 Secundi)
462 1609 510 1692 lit
527 1611 614 1726 jugi
635 1615 802 1716 materia
819 1605 942 1726 plani
956 1610 1165 1726 aequabilis
1180 1668 1190 1708 ,
1208 1609 1314 1698 &ab
1330 1642 1406 1698 axe
1426 1617 1575 1728 jugum

182 1723 393 1814 dividatur
409 1729 577 1844 omnino
599 1720 817 1812 bifariam:
845 1725 914 1812 sed
935 1733 1088 1842 puniia
1110 1727 1372 1822 contadiuum
1396 1731 1573 1814 annulo-

182 1869 305 1938 rum,
323 1871 375 1928 ex
390 1839 540 1956 quibus
552 1844 735 2040 qaendent
751 1843 914 1939 lances,
932 1871 1016 1934 non
1042 1843 1250 1960 aequaliter
1268 1843 1422 1928 distent
1444 1842 1572 1934 time·

184 1961 282 2048 dio:
295 1955 447 2053 etiamst
460 1957 551 2046 lanc
570 1989 585 2040 s
595 1957 793 2074 propioris
805 1953 1170 2074 gravitaslirppreat
1180 1967 1447 2060 momentum,
1459 1963 1573 2074 quod

98 2127 102 2134 ·
183 2073 302 2166 deest
318 2073 475 2160 ratione
493 2071 612 2174 litus,
628 2087 672 2162 δι
687 2073 905 2192 aequilibris
919 2101 1108 2190 appareat
1122 2074 1224 2160 libra
1238 2105 1387 2172 vacua,
1407 2107 1491 2168 non
1510 2105 1573 2161 ta-

183 2222 285 2281 men
307 2187 477 2306 aequalia
560 2191 685 2278 ndera
709 2191 895 2282 lancibus
919 2185 1104 2306 impolita
1134 2189 1386 2278 constituent
1413 2192 1574 2306 aequili-

188 2305 324 2395 brium
339 2369 350 2406 ‚
367 2305 436 2392 sed
458 2305 485 2390 il
506 2307 561 2392 ud
581 2306 745 2420 gravius
768 2305 1000 2426 apparebit,
1018 2310 1130 2436 quod
1152 2339 1202 2392 en
1222 2305 1410 2416 distantia
1425 2309 1577 2418 majore

186 2425 445 2538 appendetur
467 2458 477 2504 r
500 2432 545 2508 dc
578 2425 606 2506 fi
635 2425 815 2538 pondera¹
842 2419 1116 2539 aequilibrium
1148 2421 1330 2519 faciant,
1362 2420 1580 2537 inaequalia

185 2567 310 2627 enuit
337 2535 550 2652 reciproci:
563 2535 683 2654 juxti
702 2547 921 2628 Rationem
944 2537 1229 2656 inaqrralitatis
1249 2537 1528 2626 distantiarum
1553 2535 1577 2624 ὲ

185 2657 339 2742 medio.
383 2651 576 2742 Similiter
605 2653 732 2768 igitur
760 2657 867 2742 fabio
895 2659 1127 2772 ponderum
1148 2651 1408 2771 aequilibrio,
1438 2653 1575 2740 lances

187 2799 423 2870 commuta,
450 2779 493 2858 ὅ(
517 2772 733 2886 quidemst
757 2773 847 2887 post
864 2775 1227 2860 commutationem
1244 2769 1393 2869 iterum
1415 2771 1594 2884 equili-'

189 2884 327 2972 brium
347 2887 437 2986 liat,
447 2885 557 3000 justa
568 2887 627 2974 est
643 2885 774 2986 libra,
792 2885 904 2974 seclis
921 2887 1018 2972 vetti
1035 2891 1062 2972 st
1083 2885 1254 2993 altorum
1272 2883 1434 2998 gravius
1451 2915 1574 3002 appa-

187 3005 428 3118 reat-‚quod
438 2999 549 3116 prius
568 3004 721 3119 equale
735 3003 960 3091 videbatur.
983 3041 988 3052 ·
1456 3066 1459 3079 .

247 3122 307 3204 At
321 3119 463 3234 quaetis
474 3179 485 3218 ,
497 3111 576 3234 quir
591 3121 788 3208 methodo
800 3121 915 3236 poffis
927 3119 1249 3235 deprehendere,
1261 3148 1411 3235 quanta
1429 3118 1475 3202 fit
1487 3117 1583 3224 bra«,

187 3229 383 3320 chiorum
401 3234 652 3350 inequalitas
675 3239 688 3338 ζ
714 3237 880 3354 quando
898 3234 1072 3352 quidem
1100 3262 1185 3325 non
1212 3238 1387 3322 habetur
1413 3235 1573 3352 aequili-

188 3349 328 3438 brium
347 3349 596 3466 postratum
612 3351 792 3442 lancium
806 3357 1187 3450 commutationem,
1205 3363 1247 3438 &
1269 3351 1390 3470 plani
1411 3349 1574 3462 ignora-

188 3495 283 3566 tur,
297 3467 870 3584 quantafitmercisgravitasa
890 3477 943 3558 Ut
955 3469 1173 3585 vquestioni
1186 3465 1442 3566 fatidicum,
1465 3473 1575 3554 acci·

187 3579 263 3699 pio
273 3581 457 3698 legitima
469 3586 669 3697 pondera,
687 3597 730 3673 δι
741 3581 1036 3700 pritnltnifadio
1047 3581 1272 3698 equilibrio
1290 3582 1459 3676 observo
1469 3583 1574 3698 legi·

189 3700 284 3786 timi
302 3703 780 3816 ponderis-quantitatem
805 3739 814 3784 r
842 3704 1067 3786 Commuto
1079 3699 1230 3796 deinde
1243 3699 1403 3798 lances,
1424 3713 1465 3788 δε
1479 3731 1576 3788 curn

188 3847 278 3904 non
299 3817 369 3900 fiat
388 3817 659 3934 aequilibrium
678 3847 774 3903 cum
793 3813 937 3904 eidem
950 3845 1108 3912 merce,
1125 3841 1282 3911 tantum
1298 3816 1455 3928 accipio
1472 3815 1574 3928 legi·

86 3981 90 3990 ·
188 3933 284 4018 timi
306 3933 520 4046 ponderis,
535 3963 738 4049 quantum
756 3924 976 4049 requiritur
991 3935 1043 4018 ad
1060 3929 1344 4048 aequilibrium.
1387 3935 1572 4018 Denrutn

187 4051 401 4134 interhaec
415 4050 501 4138 duo
516 4053 698 4162 pondera
720 4051 913 4163 legitima·
925 4053 1091 4132 invenio
1101 4051 1319 4130 terminum
1332 4047 1467 4130 medio
1479 4046 1572 4132 loco

186 4163 554 4283 proportionalem,
567 4179 608 4260 ,ὃι
624 4169 706 4254 hoc
718 4168 777 4252 est
787 4169 933 4254 mercis
945 4167 1128 4280 pondus,
1144 4161 1254 4276 quod
1269 4159 1461 4246 collatum
1475 4195 1572 4250 cum

185 4280 385 4376 alterutro
411 4309 464 4366 ex
485 4281 679 4393 legitimis
706 4282 961 4399 ponderibus
975 4283 1045 4366 dat
1065 4276 1277 4390 reciproci:
1304 4275 1570 4388 longitudinis

189 4398 455 4495 brachiorum
479 4401 711 4484 Rationem.
758 4403 882 4484 Hanc
901 4393 1150 4504 'methodum
1168 4386 1571 4508 effcj'certarn'patet,
1627 4457 1631 4468 ·

186 4520 285 4630 quia
296 4543 394 4598 cum
409 4510 469 4596 bis
486 4515 556 4598 fiat
573 4513 867 4630 aequilibrium,
883 4509 943 4600 bii
960 4512 1068 4596 inter
1080 4511 1259 4626 pondera
1270 4504 1479 4596 esteadem
1492 4507 1571 4596 Rai-

183 4637 247 4716 tio
267 4635 476 4746 reciproca
491 4629 766 4724 brachiorum.
803 4635 896 4720 Sint
911 4625 1099 4724 brachia,
1114 4634 1203 4744 q'uae
1216 4625 1420 4826 qqeqitatis
1438 4634 1572 4740 ‘gratia'

1133 4773 1136 4786 '
1280 4771 1306 4838 9
