3918 5262
394 175 465 311 48
537 209 538 214 ‘
684 189 689 196 ’
862 157 1285 278 Mechant'curu'm

350 401 367 432 .,
393 325 585 418 conversa
599 331 707 415 circa
724 355 912 414 centrum
930 328 967 411 C
982 321 1215 426 deseendit,
1230 353 1278 408 ac
1297 349 1461 408 rotatur.
1490 327 1656 440 Qodst
1672 331 1770 430 inae,

391 443 524 564 qualis
533 445 657 530 fuerit
671 444 829 562 sphaerae
841 441 1081 539 substantia,
1098 451 1141 530 δι
1153 465 1340 524 centrum
1354 444 1559 553 gravitatis
1570 447 1597 572 rl
1618 449 1662 526 in
1676 474 1772 558 pers

393 559 648 680 pendiculari
680 563 811 664 GH,
828 589 913 644 non
936 553 1154 644 descendet
1173 551 1324 680 sphaera
1343 561 1388 639 in
1406 581 1551 668 gyrum
1565 561 1678 660 aua,
1699 557 1770 646 sed

390 676 553 764 tantiam
565 705 697 792 repet,
712 707 808 762 cum
825 703 968 760 neutra.
983 702 1072 787 pars
1086 671 1377 786 praeponderet.

452 791 580 878 Simili
603 797 757 877 ratione
778 789 1158 908 parallelepipedum
1175 787 1277 884 KL,
1293 791 1409 902 cujus
1421 815 1608 874 centrum
1630 795 1768 902 gravi,

388 911 483 994 tatis
501 907 571 1006 M,
584 937 668 992 non
680 911 808 1024 repit,
826 909 943 1022 quia,
959 903 1054 990 clam
1064 902 1173 988 linea
1184 901 1416 986 directionis
1439 905 1488 986 M
1502 909 1546 986 N
1567 907 1684 990 cadat
1697 936 1769 992 ex-

391 1052 456 1108 tra
467 1019 591 1108 bafim
608 1025 721 1122 KO,
736 1053 826 1138 quat
838 1023 1043 1132 contingit
1062 1013 1285 1132 subjestum
1299 1015 1488 1131 planum,
1504 1017 1531 1102 s1
1546 1046 1619 1132 pet
1632 1049 1768 1106 extre-

300 1189 303 1194 ·
391 1169 501 1226 marn
517 1137 667 1222 lineam
686 1141 765 1226 KP
789 1133 962 1222 transeat
973 1134 1140 1250 planum
1163 1133 1473 1239 PQhorizonti
1491 1137 1766 1248 perpendicu-

388 1251 500 1352 lare,
518 1255 715 1342 dividitur
730 1251 1110 1370 parallelepipedtun
1128 1253 1173 1330 in
1187 1250 1272 1334 duo
1285 1245 1471 1364 prismata
1487 1249 1711 1361 inaequalia,
1722 1263 1766 1340 δι

392 1397 477 1454 non
503 1370 903 1486 aequiponderantia:
926 1395 1020 1452 cum
1041 1360 1142 1450 verd
1163 1359 1305 1478 prisma
1328 1369 1553 1478 trapezium
1584 1367 1769 1478 QKP

358 1578 361 1587 ¹
389 1485 670 1602 praeponderet
695 1481 871 1598 prismati
892 1486 1055 1592 trigono
1076 1483 1167 1564 ΚΟ
1184 1484 1253 1600 Q
1270 1480 1382 1592 quod
1407 1477 1653 1566 sustinetural
1671 1481 1767 1583 bafi,

288 1601 291 1610 ’
387 1597 492 1686 illud
516 1593 736 1686 neeess'arid
754 1593 992 1694 descendit,
1016 1605 1057 1680 &
1081 1599 1189 1680 circa
1216 1597 1364 1680 lmearn
1393 1599 1762 1682 KPconvertitur.

388 1709 548 1801 Contrd
563 1742 701 1799 autern
716 1715 880 1830 quando
899 1717 1005 1796 intra
1021 1709 1145 1797 balma
1166 1707 1394 1806 contaetus,
1409 1738 1455 1794 ut
1471 1715 1517 1796 in
1536 1709 1643 1796 cubo
1664 1719 1694 1799 P
1710 1717 1767 1816 R,

388 1835 507 1946 cujus
520 1857 708 1914 centrum
721 1833 770 1929 S,
787 1830 896 1914 cadit
909 1827 1016 1912 linea
1024 1829 1257 1911 directionis
1276 1827 1368 1922 ST,
1382 1851 1482 1910 tunc
1499 1831 1615 1942 repit,
1628 1837 1767 1916 &non

384 1973 543 2030 rotatur
557 1943 686 2030 cubus
699 1979 711 2038 5
725 1950 820 2060 quia
833 1941 987 2028 scilieet
999 1941 1051 2026 ab
1065 1941 1244 2026 extrema
1254 1937 1550 2026 sustentationis
1562 1943 1669 2028 lineal
1685 1949 1766 2032 KP

387 2061 560 2146 dueum
583 2059 755 2176 planum
778 2061 982 2144 horizonti
1012 2055 1345 2172 perpendiculare
1372 2058 1521 2142 dividit
1549 2058 1699 2143 cubum
1720 2069 1767 2150 in

386 2203 521 2294 partes
531 2174 748 2291 inaequales
760 2177 840 2274 ita,
859 2201 906 2258 ut
917 2202 1007 2290 pars
1016 2169 1084 2254 illa
1096 2231 1107 2269 ,
1119 2176 1162 2256 in
1173 2201 1253 2288 qua
1269 2167 1329 2255 est
1342 2200 1529 2256 centrum
1543 2180 1765 2286 gravitatis,

388 2303 432 2378 δι
475 2321 534 2376 uae
550 2287 574 2375 d
588 2289 767 2408 subjefto
782 2289 903 2406 plano
917 2315 1001 2374 tota
1020 2283 1253 2386 sustinetur,
1268 2291 1572 2402 praeponderet,
1587 2294 1768 2406 necpos-

353 2433 357 2444 ·
387 2321 479 2506 fitl
494 2405 649 2524 reliqud
665 2433 780 2526 parte
793 2404 963 2505 elevari,
978 2433 1024 2490 ut
1039 2404 1147 2486 eirca
1166 2406 1243 2487 KP
1262 2431 1533 2492 convertatur.

447 2524 565 2637 Hine
582 2551 746 2640 apparet
755 2523 807 2610 ad
818 2548 1012 2640 quantam
1026 2516 1285 2604 altitudinem
1297 2522 1499 2632 pertinere
1511 2523 1625 2636 poffit
1640 2525 1769 2642 paral-

367 2635 684 2754 ‚lelepipedum
695 2642 795 2729 utin
807 2641 904 2722 dato
920 2635 1041 2754 plano
1052 2631 1247 2719 inclinato
1262 2662 1347 2720 non
1361 2663 1537 2738 rotetur,
1549 2635 1616 2724 sed
1628 2668 1764 2756 repat:

388 2783 486 2840 narn
503 2751 555 2838 ab
580 2751 761 2840 extremi
784 2749 1082 2850 sustentationis
1105 2747 1219 2836 linei·
1241 2754 1323 2834 KP
1351 2754 1574 2838 excitatum
1595 2755 1767 2870 planum

388 2867 597 2979 horizonti
611 2866 945 2987 perpendiculare
962 2873 993 2952 P
1009 2866 1204 2993 Qquod
1220 2863 1402 2967 bifariam
1427 2871 1470 2950 in
1487 2895 1621 2982 partes
1633 2876 1767 2987 aequi-
1820 2939 1823 2944 .

390 2983 660 3102 ponderantes
671 2975 821 3070 dividit
838 2981 1220 3102 parallelepipedtun
1240 2985 1356 3104 KQ,
1373 2983 1615 3068 determinat
1627 2985 1766 3072 altitu·

342 3186 350 3196 ,
389 3101 532 3187 dinem
546 3105 762 3204 maximam
777 3103 818 3184 X
836 3101 911 3216 Q
935 3101 977 3184 in
990 3100 1101 3184 omni
1122 3101 1274 3213 quippe
1287 3101 1428 3210 majori
1448 3097 1662 3186 altitudine
1678 3131 1765 3188 non

393 3245 436 3300 re
466 3219 530 3310 it,
559 3211 626 3300 sed
649 3245 832 3315 rotatur,
858 3217 955 3330 quia
978 3213 1086 3300 linea
1106 3208 1339 3298 doemonis
1366 3212 1475 3296 cudit
1497 3241 1610 3299 extra
1638 3217 1767 3304 balim

373 3245 709 3420 ¹sullentatiouis:
728 3336 770 3418 in
786 3335 897 3416 omni
909 3323 1008 3414 vead
1017 3332 1165 3414 minori
1178 3328 1393 3412 altitudine
1408 3357 1492 3412 non
1507 3357 1680 3432 rotatur,
1695 3331 1764 3418 sed

360 3513 363 3518 .
388 3449 516 3560 repit,
533 3449 629 3564 quia
652 3445 760 3538 linea
781 3434 1012 3532 directionis
1032 3444 1142 3530 cadit
1168 3444 1273 3527 intra
1306 3441 1429 3528 basim
1454 3441 1782 3532 sustentationis.·

327 3555 336 3566 ’
390 3563 491 3648 Hoc
509 3561 618 3650 idem
637 3563 681 3644 in
701 3559 1135 3675 corporeus-cacteris,
1150 3562 1334 3672 quamvis
1356 3588 1440 3643 non
1457 3559 1761 3678 parallelepipe-

384 3677 452 3774 ¹dic
465 3739 478 3775 ‚
493 3673 787 3762 observandum
804 3675 887 3776 est,
906 3705 961 3760 an
975 3669 1126 3761 stilicet
1137 3673 1246 3760 linea
1264 3673 1496 3760 dioeuionts
1510 3677 1631 3762 cadat
1649 3707 1763 3764 extra

389 3789 515 3878 basam
535 3787 829 3882 sustentationis
845 3851 856 3888 ,
876 3823 953 3876 nec
972 3821 1036 3874 ne.

441 3913 546 4028 Qae
558 3936 694 3991 tamen
704 3907 756 3990 de
769 3905 877 3990 cubo
888 3903 1462 4020 repentedistasunt,intelligi
1478 3905 1602 3992 velim
1616 3905 1762 4024 speda-

391 4019 433 4110 tal
446 4021 565 4138 perse
580 4020 903 4136 graviumfigurd
918 4056 927 4101 ε
946 4024 1043 4135 quia
1058 4049 1131 4134 pet
1142 4022 1330 4104 accidens
1347 4021 1433 4105 fieri
1447 4023 1580 4136 potest
1592 4087 1603 4123 ,
1617 4053 1662 4108 ut
1673 4057 1762 4112 cur-

389 4168 466 4259 pus
478 4149 707 4254 nonrep'at,
725 4133 789 4220 sed
814 4162 988 4232 rotetur,
1008 4141 1192 4250 quumvis
1203 4134 1309 4220 linea
1325 4139 1556 4222 directionis
1567 4143 1683 4248 cadat
1695 4146 1762 4226 in·

305 4349 309 4356 v
389 4283 451 4340 tra
471 4253 616 4350 basim,
637 4279 726 4366 quae
738 4248 907 4367 planum
922 4250 1163 4334 inclinatum
1179 4256 1394 4363 contingit.
1420 4253 1570 4338 Namfi
1585 4261 1629 4339 in
1645 4285 1760 4342 motu

388 4396 576 4458 occurrat
589 4363 704 4484 super
726 4363 847 4484 plano
864 4365 1060 4450 inclinato
1074 4361 1372 4450 offendiculum
1392 4366 1579 4482 aliquod,
1597 4373 1759 4471 cuide-

389 4483 584 4575 see'ndenr
601 4509 745 4598 corpus
756 4479 944 4579 illidatur,
960 4481 1045 4564 fieti
1056 4477 1201 4595 potest,
1213 4507 1259 4564 ut
1271 4485 1446 4598 impetus
1458 4513 1507 4566 ex
1526 4513 1637 4568 motu
1656 4515 1759 4570 con·

387 4605 593 4722 ceptusita
610 4625 845 4714 promoveat
864 4623 1050 4684 centrum
1066 4597 1272 4711 gravitatis
1287 4601 1332 4683 in
1348 4601 1574 4800 anteriora,
1590 4597 1761 4800 ugklinea

357 4745 363 4756 ·
1552 4741 1610 4800 tre
1651 4747 1760 4805 roms
