3808 5262
14 353 28 397 p
117 317 122 328 -
428 231 855 394 Liberstcunclus.
889 237 1102 363 CAl‘uT
1124 245 1227 360 Vl.
1397 255 1515 396 ‘185

33 412 45 433 ''
140 405 192 496 iz
206 403 247 492 vi
267 394 425 505 nenias,
442 433 527 520 quo
542 433 797 524 unaquaque
815 437 911 493 cum
926 407 999 494 fibi
1020 407 1208 524 proximis
1223 398 1526 501 coherentibus

14 605 16 618 ,
139 519 353 638 particulis
362 519 588 636 colligatur.
627 527 739 616 Cum
754 553 892 610 autem
907 521 1112 610 sexdecim
1130 523 1198 612 illa
1214 525 1523 648 parallelepipe-

70 713 74 716 .
140 637 366 723 daminora
377 659 461 750 non
480 637 557 722 srnt
570 642 747 726 invicem
760 659 971 740 connexa,
988 642 1335 757 quemadmodum
1348 653 1526 762 particu-

142 752 189 837 lae
202 781 348 837 omnes
358 751 684 870 parallelepipedi
701 763 731 842 B
747 761 792 844 in
806 787 930 842 unam
942 756 1091 843 molem
1104 757 1357 860 coaluerunt,
1369 761 1528 851 constat

146 872 357 985 pauciores
375 899 503 956 nexus
516 868 698 972 facilids,
717 869 841 990 quim
860 869 1201 988 plures,diffolvi.
1427 949 1429 954 ,

200 985 301 1068 Hoc
314 980 416 1070 verd
435 1012 481 1070 ut
493 983 653 1100 pleniiss
665 1017 823 1103 atquea
878 987 975 1077 rtiits
988 988 1239 1105 explicetur,
1257 987 1441 1106 intellige
1456 987 1522 1078 so·

145 1099 271 1184 lidum
295 1097 600 1215 longiusculum
625 1105 700 1194 RS
727 1111 772 1190 in
792 1133 928 1220 puros
945 1131 1089 1190 tenues
1111 1105 1280 1192 laminas
1296 1107 1419 1226 plano
1452 1111 1527 1195 RI
1778 1127 1785 1162 ¹

145 1213 352 1330 parallelas
367 1207 650 1316 divisum‚srbi-

148 1359 225 1445 que
258 1331 316 1415 ita
352 1333 520 1416 viciffim
551 1363 653 1418 con-

149 1473 574 1558 gruentes,utearum
588 1478 656 1534 ex·

151 1567 370 1646 tremitates
407 1562 693 1648 constituant·

150 1673 310 1790 planum
344 1679 391 1762 H
412 1683 445 1764 Ι.
498 1681 657 1762 Omnes

152 1787 264 1876 basce
296 1791 471 1878 laminas
512 1789 655 1878 sccun-

151 1901 243 1994 ddm
271 1914 554 1994 extremitates
574 1905 655 1994 ful·
675 1925 679 1930 ’

150 2028 223 2108 ctis
252 2023 460 2139 impositas
497 2025 657 2138 pondus

153 2135 263 2253 super
275 2143 373 2226 DC
390 2139 659 2226 constitutum

153 2253 252 2340 adod
281 2283 442 2370 premat
460 2317 472 2357 ‚
496 2282 543 2340 ut
561 2285 656 2340 cur·

155 2373 233 2454 vari
254 2365 558 2487 aliquantalum
585 2393 796 2484 cogantur.
844 2358 1092 2450 Observabis
1117 2359 1232 2450 illicd
1256 2369 1531 2456 extremitates

150 2483 234 2568 illas
250 2515 338 2570 non
346 2470 431 2602 jani
447 2485 619 2602 ampliiss
630 2491 680 2568 'in
696 2483 868 2568 andem
884 2477 1094 2598 planitiem
1123 2483 1201 2566 HI
1222 2487 1449 2606 exsequaris
1464 2483 1531 2572 sed

154 2629 214 2684 cas
228 2603 399 2716 quidem
416 2600 607 2701 laminas,
627 2627 717 2716 qux
740 2599 957 2684 cavitatem
977 2595 1155 2712 spoliant
1170 2657 1182 2695 ‚
1199 2603 1328 2712 magis
1345 2605 1529 2696 curvaris

154 2717 282 2804 minits
297 2713 502 2818 verdeas,
516 2747 607 2832 quat
622 2711 869 2804 convexita'ti
885 2707 1151 2828 respondent,
1166 2743 1214 2798 ac
1232 2711 1445 2828 propteretl
1458 2746 1532 2802 exv

154 2833 254 2918 timae
268 2831 430 2918 laminae
444 2834 741 2920 extremitatem
752 2825 803 2914 ab
817 2831 1070 2915 extremitate
1083 2831 1234 2914 intima
1247 2830 1419 2932 laminae,
1435 2859 1527 2945 quae

153 2949 322 3062 ponderi
350 2949 537 3066 imposito
562 2948 770 3046 cohaeret,
789 2947 917 3056 magis
948 2943 1136 3030 recedere
1153 3003 1166 3042 ,
1185 2942 1310 3060 quim
1328 2951 1528 3032 interme-

153 3053 626 3150 dimm‘extremitates.
672 3057 843 3150 Constat
872 3063 1010 3174 itaque
1033 3063 1078 3145 in
1097 3059 1178 3144 hoc
1204 3087 1320 3146 motu
1350 3061 1530 3176 fingula-

155 3179 503 3268 rumlaminamm
584 3175 745 3264 rticulas
761 3235 773 3274 ,
791 3177 892 3261 dum
910 3201 1159 3273 curvantur,
1183 3205 1268 3260 non
1292 3179 1341 3260 iis
1361 3177 1529 3292 relpon·
1573 3207 1576 3212 ¹

154 3297 247 3380 dere
266 3297 511 3383 adhaerentis
545 3297 689 3380 aminae
715 3290 947 3409 particulis,
970 3321 1068 3407 quas
1091 3285 1202 3406 priits
1220 3293 1531 3407 contingebant,

158 3409 248 3496 olm
266 3415 400 3496 omnis
418 3415 626 3496 curvitatis
650 3433 836 3524 expertes
864 3434 1007 3506 crant,
1034 3435 1157 3522 atque
1174 3403 1332 3494 faciliiss
1359 3403 1532 3524 potuille

159 3525 329 3641 lingulas
349 3527 517 3612 laminas
536 3530 719 3622 moveri,
747 3525 844 3639 quia
864 3521 978 3608 nullo
1002 3552 1113 3608 nexu
1131 3525 1308 3608 invicem
1336 3523 1533 3640 copulan-

159 3669 231 3724 tur.
275 3639 407 3759 Qrdd
428 3643 455 3726 sr
476 3646 592 3728 exiis
617 3667 746 3725 unstm
763 3635 933 3722 lolidum
953 3639 1033 3720 Rs
1057 3637 1177 3752 plane
1197 3641 1404 3752 integrum
1433 3671 1530 3724 coa-

157 3754 274 3842 lelcat
285 3821 298 3860 ‚
311 3758 569 3850 manifestum
586 3756 647 3842 est
689 3753 871 3840 laniciem
887 3755 963 3838 HI
980 3781 1229 3866 permanere,
1243 3785 1291 3838 ac
1306 3783 1530 3870 propterea,

82 3935 86 3944 ·
159 3873 253 3958 dum
272 3901 500 3974 curvatur,
530 3901 633 3958 nece
665 3901 689 3955 e
712 3867 772 3954 est
791 3929 806 3966 Ν,
835 3874 1106 3954 utinteriores
1124 3869 1329 3984 particula
1352 3875 1530 3960 invicem

158 4017 348 4076 connexae
367 3987 668 4088 distrahantur,
685 4017 786 4071 cum
804 4012 1010 4102 nequeant
1027 3982 1114 4092 alia
1143 3983 1194 4070 ab
1218 3983 1306 4069 aliis
1331 3981 1529 4086 secedere,

155 4105 501 4222 -qosrnadmodum
529 4109 572 4188 in
602 4104 762 4190 laminis
789 4108 1029 4216 contingere
1055 4097 1368 4186 observavimus.
1412 4103 1531 4188 Hinc
1618 4139 1621 4146 ·

160 4205 281 4304 oritur
307 4225 439 4336 major
457 4219 569 4306 solidi
591 4281 604 4320 ,
632 4215 757 4338 quim
776 4211 1044 4315 laminarum,
1070 4217 1317 4314 resrstentia,
1345 4245 1397 4300 ne
1416 4217 1529 4304 fran-

157 4361 282 4451 gatur.
326 4341 427 4422 Non
445 4339 625 4452 negarim
642 4363 780 4422 tamen
801 4333 1021 4448 aliquando
1042 4327 1248 4416 satiuseffe
1265 4331 1425 4418 duobus
1445 4365 1531 4417 me·
1663 4433 1666 4438 ¹

158 4453 358 4540 diocribus
379 4453 518 4570 tigillis
534 4456 626 4551 uti,
652 4448 777 4568 quim
794 4449 972 4534 ctaffiore
994 4453 1110 4562 tigno
1130 4446 1209 4561 illis
1235 4445 1409 4564 aequalis
1433 4455 1530 4564 quia

161 4569 345 4654 nimirum
366 4569 558 4654 alrermro
573 4567 705 4653 labem
730 4571 909 4683 patieme
932 4561 1101 4668 rimasve
1115 4588 1286 4672 agente,
1310 4561 1411 4648 alter
1430 4567 1533 4650 faci-

157 4679 233 4770 lius
243 4688 407 4798 integer
422 4683 647 4802 perseverat
662 4719 674 4782 ς
695 4689 739 4770 in
756 4681 934 4768 cralsrore
947 4707 1084 4766 autem
1101 4683 1241 4882 tigpo,
1257 4679 1283 4764 ss
1302 4675 1444 4766 rimam
1455 4683 1529 4767 du·
1572 4683 1575 4692 '

1212 4825 1237 4881 a

664 5038 676 5076 g
767 5041 771 5052 .
