3918 5262
452 145 454 152 Ψ
531 197 896 353 usurpemus.
935 201 1282 319 cnurxr.
1522 227 1586 366 a,
1673 215 1680 222 ·

213 376 333 484 qnam
346 361 514 448 caderet
523 355 638 448 extra
657 361 783 446 basim
793 357 1111 464 susurrationis,
1128 367 1200 450 nist
1214 368 1320 455 sorte
1331 375 1374 457 in
1385 375 1525 478 cursu,
1546 389 1591 470 in
1686 437 1688 442 =

212 515 292 601 quo
312 509 455 566 tamen
471 479 561 566 satis
585 475 813 564 consultum
825 476 884 562 est
903 479 1086 563 animalis
1113 483 1404 590 incolumitati,
1418 494 1519 580 dum
1538 500 1591 604 ab

213 602 414 686 anteriore
431 599 537 712 pede
557 657 569 696 ,
599 594 671 680 ubi
694 622 840 680 terram
866 596 1078 705 attigerit,
1106 603 1333 704 retinetur,
1353 635 1405 691 ne
1424 607 1591 700 ulteribs

211 713 442 802 descendat.

140 893 148 901 .
265 829 373 914 Basrs
391 855 530 931 autem
551 821 849 911 sustentationis
879 857 963 912 non
993 826 1084 914 sunt
1101 825 1172 916 soli
1189 833 1344 947 pedes,
1371 835 1438 925 sed
1457 848 1596 934 totum'

208 946 309 1032 illud
338 942 510 1058 spatium
528 945 802 1058 interceptum
835 945 860 1026 d
882 943 1000 1027 lineis
1028 948 1181 1058 pedum
1200 958 1473 1040 extremitates
1486 966 1586 1074 jun.

211 1061 404 1178 gentibus
422 1094 434 1152 ς
458 1059 511 1142 fic
526 1063 570 1142 in
583 1059 912 1175 quadrupedibus
929 1058 1034 1144 linea
1051 1063 1282 1148 diretlionis
1300 1068 1424 1152 debet
1443 1080 1587 1164 cadere

101 1261 102 1267 Ν
208 1173 315 1262 intrd
336 1173 508 1290 spatium
536 1171 875 1290 comprehensum
901 1173 1054 1275 lineis,
1084 1207 1174 1292 quac
1197 1186 1381 1294 jungunt
1407 1216 1587 1278 extrema

208 1295 362 1409 pedum
392 1319 553 1397 terram¹
572 1296 931 1402 contingentium,
966 1319 1012 1374 ut
1044 1296 1331 1406 polit-animal
1359 1303 1585 1394 consistere.

208 1413 324 1493 Hinc
353 1436 484 1522 equus
501 1411 545 1490 in
571 1405 807 1520 posteriores
833 1405 1014 1521 pedesse
1046 1414 1206 1522 erigens
1228 1413 1342 1498 flexis
1364 1419 1587 1532 poplitibus
1676 1519 1678 1526 ,
1761 1395 1763 1402 ,

210 1523 377 1608 reclinat
395 1521 436 1606 se
460 1519 499 1606 se
518 1527 561 1604 in
580 1521 828 1637 posteriora,
859 1533 900 1608 ὅ(
929 1521 1119 1639 tantisper
1145 1531 1262 1612 ineo
1290 1530 1365 1614 srtu
1393 1537 1587 1640 consistit,

208 1641 308 1728 dum
325 1666 514 1723 centrum
532 1643 737 1749 gravitatis
755 1642 943 1722 imminet
960 1637 1085 1754 spatio
1102 1701 1114 1738 ,
1134 1645 1244 1757 quod
1264 1639 1288 1726 al
1312 1649 1484 1758 pedibus
1509 1687 1583 1739 oc.

206 1783 404 1870 cupatur,
424 1754 536 1840 &ab
555 1753 633 1854 illis
656 1758 914 1867 intercipitur
931 1789 943 1848 3
966 1766 1007 1840 ὃ(
1027 1756 1054 1838 sr
1071 1785 1185 1840 extra
1204 1759 1304 1843 illud
1324 1759 1494 1875 spatium
1512 1801 1582 1854 ca·-

203 1875 272 1958 dat
288 1871 400 1954 linea
416 1871 648 1954 directionis
668 1931 679 1965 ,
702 1869 767 1954 vel
793 1866 952 1954 aversus
971 1873 1109 1968 cadit,
1140 1873 1204 1958 vel
1232 1879 1389 1960 iterum.
1409 1909 1584 1994 quatuor

203 1987 377 2105 pedibus
392 1985 545 2068 insistit.
592 1987 668 2072 Ubi
688 2011 824 2070 tamen
842 1982 1136 2070 observandum
1146 1988 1206 2072 est
1216 2021 1268 2074 ex
1282 2021 1393 2106 equo
1410 2005 1581 2114 &equi-

202 2131 243 2188 te
261 2103 351 2186 fieri
373 2131 496 2186 unam
514 2100 664 2185 molem
694 2103 956 2215 compositam
971 2110 1106 2186 unum
1127 2105 1349 2190 habentem
1364 2141 1582 2202 commune
1707 2112 1713 2122 ’

202 2247 391 2304 oentnrm
408 2222 640 2330 gravitatis:
661 2217 773 2301 unde
785 2219 831 2299 lit
843 2245 996 2330 equum
1008 2224 1137 2330 magis
1156 2203 1367 2334 desatl’gari
1382 2287 1392 2323 ,
1409 2227 1436 2309 sr
1455 2237 1581 2344 eq'ues

203 2365 288 2418 non
306 2337 438 2416 restus
455 2333 652 2425 insrdeatr
673 2329 740 2415 sed
760 2331 974 2415 inclinatus
987 2337 1030 2416 in
1048 2335 1280 2420 alterutram
1292 2367 1468 2452 partem,
1484 2377 1580 2430 een-

198 2479 262 2534 tro
275 2455 391 2533 enim
403 2453 607 2558 gravitatis
621 2445 810 2546 translato
826 2443 960 2531 mattis
973 2447 1143 2534 facilitas
1161 2477 1363 2548 mutaturt
1381 2466 1580 2574 &equite

199 2569 244 2650 in
260 2569 465 2649 anteriora
489 2563 686 2646 inclinato
702 2593 749 2646 ac
768 2579 976 2677 premente
1003 2593 1126 2680 eaput
1153 2573 1247 2680 equi
1277 2573 1319 2651 in
1341 2570 1583 2683 posteriores

196 2684 323 2798 pedes
341 2683 499 2778 oresti,
525 2707 710 2762 centrum
732 2683 937 2790 gravitatis
951 2683 997 2763 in
1022 2687 1224 2769 anteriora
1248 2685 1511 2790 transfertur,
1534 2703 1576 2779 δι

195 2801 425 2882 occurritur
441 2793 645 2909 periculo,
667 2823 720 2878 ne
738 2825 867 2909 equus
885 2792 1043 2880 aversus
1062 2799 1190 2882 cadat.
1688 2895 1701 2912 .

239 2909 370 2998 Porrb
389 2912 490 2994 dum
509 2909 678 3024 spatium
694 2906 717 2992 d
727 2911 897 3024 pedibus
911 2939 1157 3024 occupatum
1168 2945 1275 2999 voco
1291 2915 1412 3003 balim
1426 2919 1576 3010 susten-

198 3031 393 3124 tationis,
417 3055 502 3108 non
520 3025 673 3138 semper
691 3024 779 3110 satis
804 3026 864 3110 est
879 3024 1028 3110 lineam
1054 3029 1286 3114 direetionis
1318 3037 1462 3120 cadere
1490 3057 1575 3126 non

194 3141 311 3230 extrd
328 3143 452 3258 pedes
470 3175 482 3234 ς
504 3146 601 3256 quia
621 3139 646 3222 sr
666 3142 789 3254 pedes
820 3141 893 3254 ipsr
927 3138 1053 3226 solbm
1075 3173 1125 3229 ex
1155 3173 1278 3259 parte*
1287 3167 1455 3261 tangant
1478 3151 1573 3240 sub-

194 3265 350 3376 jeflum
369 3285 512 3370 corpus
531 3319 542 3354 ,
563 3285 620 3338 ut
635 3259 840 3368 contingit
857 3261 901 3338 in
919 3255 1195 3359 funambulis,
1223 3262 1348 3346 debet
1372 3266 1481 3350 linea
1507 3271 1572 3356 di-

195 3373 547 3470 rectioniscadere
568 3376 612 3453 in
633 3371 800 3469 funem,
819 3371 1094 3478 cuiinsrstuut
1111 3379 1259 3488 pedes,
1279 3389 1320 3464 δι
1343 3381 1371 3463 fi
1389 3411 1501 3466 extra
1520 3385 1571 3470 il-

195 3492 283 3577 lum
309 3491 458 3586 cadat,
486 3485 671 3572 certaest
697 3492 843 3585 ruina,
871 3489 1156 3617 quialatitudo
1174 3495 1325 3604 pedum
1345 3527 1427 3580 non
1441 3505 1572 3611 juvat.

196 3611 309 3694 Cum
323 3633 460 3691 autem
469 3601 984 3689 difficillirntun‘srtdiutibs
1000 3605 1213 3690 confistere
1230 3613 1308 3708 ita,
1329 3641 1373 3694 ut
1385 3641 1573 3700 centrum

192 3726 402 3838 gravitatis
422 3715 799 3832 sempotimmineat
812 3715 1040 3816 funi,ideb
1058 3721 1310 3824 funambuli,
1329 3725 1392 3812 vel
1413 3731 1569 3814 hastam
1685 3818 1688 3823 ,
1789 3681 1794 3696 ⁸

191 3835 395 3954 plumbeis
417 3834 575 3918 laminis
598 3858 766 3945 gravem·
788 3839 830 3915 in
852 3833 1171 3924 extremitatibus
1192 3869 1483 3941 manutenent,
1502 3846 1567 3930 vel

192 3956 372 4042 brachiis
388 3950 571 4063 expansis
589 3948 628 4032 se
639 3949 820 4046 librant,
839 3976 885 4032 ut
902 3944 1058 4036 hastam
1075 3951 1139 4036 vel
1156 3953 1321 4042 brachia
1338 3960 1566 4048 extenden-

190 4099 251 4156 tes
267 4077 312 4154 in
330 4093 486 4182 partem
505 4065 727 4179 oppofitam
749 4069 818 4162 eit
845 4070 1030 4182 inquam
1048 4073 1220 4180 gravitas
1237 4071 1409 4156 inclinat
1433 4135 1445 4171 ,
1472 4105 1567 4162 cen·

189 4213 300 4271 trum
329 4185 537 4296 gravitatis
559 4179 829 4264 constituatur
845 4185 888 4263 in
905 4187 1083 4296 punilo,
1100 4185 1212 4298 quod
1235 4191 1444 4271 immineat
1474 4191 1566 4280 suni

193 4301 444 4386 sustentanti.
481 4299 597 4379 Hinc
625 4301 753 4380 oritur
778 4297 993 4383 difficultas
1018 4299 1285 4400 consistendi,
1304 4331 1426 4416 quam
1442 4334 1568 4421 expe-

192 4424 352 4502 riuntur
369 4411 618 4523 grallatores,
640 4426 735 4494 'cum
748 4418 858 4496 enim
877 4413 1009 4523 grallae
1024 4414 1174 4528 exiguas
1193 4413 1251 4498 sui
1268 4445 1380 4530 parte
1393 4447 1566 4533 tangant

185 4562 364 4627 vetitam,
383 4527 444 4611 est
462 4528 568 4641 quafi
589 4524 717 4625 linea,
736 4531 781 4611 in
798 4529 938 4642 qualit
951 4528 1184 4614 sustentatio
1203 4589 1214 4626 ,
1232 4559 1344 4616 extra
1365 4563 1488 4646 quam
1505 4539 1567 4622 fa-

185 4647 268 4736 cile
286 4647 401 4734 eadit
410 4643 518 4732 linea
529 4645 783 4734 directionis:
801 4641 899 4736 ideb
916 4652 1094 4762 tertium·
1100 4641 1259 4762 geilana
1274 4646 1479 4747 baculum,
1496 4655 1565 4736 cui

398 4795 402 4802 ·
768 4794 772 4800 ·
1320 4790 1565 4866 innitantur,
