3918 5262
355 227 428 327 24
479 239 497 248 ’
828 181 1246 308 Machanirorum

355 350 480 439 solam
504 343 683 458 corporis
705 337 866 432 levioris
884 353 1125 466 positionem
1146 405 1157 454 ,
1187 387 1272 441 non
1294 358 1493 442 minuitur
1521 348 1748 464 levitata‘o,⁴

357 465 426 551 sed
451 457 587 576 potilts
612 485 786 571 augetur
806 466 850 546 in
877 469 1096 583 majoribus
1119 467 1142 554 ὲ
1166 501 1279 556 terrae
1305 501 1446 556 centro
1480 475 1699 565 intervallis
1713 503 1751 572 5·

355 581 427 665 ubi
450 568 630 668 minora
662 571 733 656 suo
756 587 1049 695 perpendiculo
1074 586 1283 673 declinant
1304 617 1436 704 partes
1458 618 1644 675 centrum
1669 591 1749 676 le·¹

352 697 490 784 vitatis
524 687 850 794 circunstantes,
893 713 935 789 &
963 703 1118 790 idcirco
1148 703 1282 790 minias
1315 706 1368 789 de
1409 735 1558 788 conatu
1590 711 1726 790 remit-

1045 843 1170 918 tunt,
1208 814 1295 935 qud
1317 825 1503 904 nituntur
1529 821 1581 906 ad
1606 817 1723 938 supe·
1855 896 1860 905 ,

1045 939 1149 1020 riora
1188 935 1372 1021 evadere.
1443 937 1499 1017 Sit
1549 967 1725 1052 namque

1038 1049 1200 1136 Globus
1224 1052 1268 1138 H
1301 1051 1375 1148 G,
1401 1056 1516 1166 cujus
1539 1055 1745 1138 centrum

1036 1163 1212 1252 levitatis
1234 1167 1307 1264 M,
1330 1177 1372 1252 ὃ(
1390 1164 1497 1250 linea
1519 1165 1747 1252 discretio-²

1037 1287 1107 1366 nis
1138 1287 1179 1366 O
1211 1282 1261 1364 M
1294 1284 1339 1364 N
1367 1315 1379 1375 3
1418 1285 1485 1364 cui
1527 1283 1728 1395 parallelae

1036 1393 1129 1482 sunt
1155 1399 1263 1480 HD
1295 1407 1337 1482 ὅ(
1362 1398 1483 1490 Gr,
1514 1427 1612 1512 quas
1632 1396 1722 1483 del-

1034 1511 1203 1598 cribunt
1234 1507 1488 1596 ascendendo
1527 1519 1721 1598 extremi-

1036 1655 1138 1712 tates
1157 1625 1202 1710 H
1221 1638 1261 1713 &
1283 1628 1353 1730 G,
1375 1637 1416 1712 ὅ(
1432 1655 1591 1712 motum
1605 1659 1722 1714 eum-

1035 1745 1136 1830 dem
1164 1741 1502 1842 continuabunt,
1532 1744 1560 1828 sa
1586 1745 1731 1856 globus

1036 1863 1082 1942 in
1131 1863 1176 1942 N
1220 1859 1431 1943 transsatus
1470 1859 1731 1974 intelligatur.

1036 1975 1220 2092 Qando
1236 1977 1362 2088 igitur
1372 1973 1521 2086 globus
1535 1973 1594 2058 est
1611 1981 1654 2060 in
1668 1977 1736 2075 M,·

1036 2094 1271 2177 extremitas
1306 2093 1352 2172 H
1395 2091 1549 2176 recedit
1586 2089 1609 2174 ὲ
1641 2122 1733 2208 per-

938 2197 949 2207 *
1038 2203 1261 2324 pendiculo
1304 2207 1345 2288 O
1371 2209 1426 2302 Ι,
1465 2207 1508 2290 &
1546 2237 1641 2292 cum
1680 2237 1730 2292 eo

1038 2321 1138 2406 facit
1159 2317 1357 2434 angulum
1386 2326 1403 2404 Ι
1424 2321 1469 2404 Η
1486 2325 1526 2404 T
1552 2357 1564 2416 5
1593 2325 1725 2440 q'uan-

1036 2437 1093 2522 do
1121 2465 1260 2520 autem
1285 2433 1415 2518 estin
1442 2441 1515 2533 N,
1534 2443 1728 2522 extremi-

1038 2577 1099 2635 tas
1127 2555 1168 2634 T
1194 2547 1415 2636 ascendens
1444 2579 1518 2666 per
1542 2559 1580 2636 T
1602 2557 1642 2638 D
1666 2554 1728 2640 fa-

1038 2670 1097 2750 cit
1113 2695 1209 2752 cum
1227 2667 1520 2782 perpendiculo
1540 2671 1581 2754 O
1599 2671 1639 2754 R
1656 2701 1728 2754 an·

796 2853 800 2858 .
1036 2779 1727 2898 gulumRTD5quiper15.lib.1.

923 2965 926 2968 .
1036 2895 1204 3011 aequalis
1231 2895 1290 2982 est
1313 2895 1465 3010 angulo
1498 2899 1655 2985 HTO
1676 2898 1728 2988 ad

1034 3019 1271 3111 verticem,
1305 3013 1376 3097 hic
1405 3043 1569 3114 autem,
1598 3021 1726 3101 inter-

1036 3161 1112 3214 nus
1135 3159 1231 3215 cum
1252 3129 1329 3228 stt,
1353 3158 1426 3244 per
1453 3143 1514 3216 16.
1536 3161 1569 3214 r.
1590 3137 1725 3220 minor

1033 3243 1094 3330 est
1128 3274 1298 3330 externo
1338 3247 1488 3330 lHT.
1532 3247 1601 3332 Est
1622 3277 1722 3364 ergo
1768 3273 1771 3280 ’

884 3427 901 3441 .
1033 3363 1185 3446 RTD
1224 3363 1357 3446 minor
1392 3361 1544 3474 angulo
1568 3366 1719 3472 IHT',

989 3567 992 3574 f
1032 3503 1157 3592 atque
1194 3469 1290 3559 idel)
1336 3473 1426 3592 plus
1465 3477 1592 3572 habet
1630 3511 1719 3566 mo-

712 3615 753 3714 0
788 3663 794 3672 .
1033 3597 1162 3679 menti
1197 3587 1380 3690 sursum,
1419 3591 1490 3678 ubi
1526 3593 1718 3682 minusal

1036 3713 1145 3794 resto
1175 3703 1399 3794 secundum
1431 3737 1615 3800 naturam
1635 3739 1717 3800 tra-

1037 3830 1135 3910 mite
1154 3823 1347 3912 defleuit.

410 3949 640 4042 Discrimen
672 3952 754 4036 hoc
783 3973 1083 4036 momentorum
1106 3941 1158 4028 ab
1183 3939 1425 4052 angulorum
1446 3943 1718 4060 inaequalitate

354 4073 594 4194 proveniens
612 4065 768 4184 optime
796 4061 986 4173 intelligit
1014 4087 1182 4158 natura,
1215 4087 1385 4174 quarta
1411 4087 1568 4145 motum
1589 4064 1714 4178 perfi.

209 4183 223 4200 ’
348 4197 438 4292 cit,
462 4217 537 4283 ut,
566 4186 595 4272 fi
619 4185 702 4272 duo
722 4178 974 4296 inaequaliter
1003 4176 1109 4264 levia
1135 4201 1416 4290 coagmentata
1435 4177 1618 4276 fuerint,
1646 4177 1712 4266 le-

347 4315 439 4398 vius
455 4327 680 4422 praeturrat.
740 4303 804 4384 Sic
826 4297 853 4382 sr
883 4299 916 4382 A
947 4323 1085 4382 cortex
1104 4290 1252 4381 suberis
1274 4321 1582 4404 coagmentetur
1598 4293 1713 4408 ligro

348 4425 489 4540 fagino
515 4425 570 4515 B,
601 4427 642 4504 δι
668 4421 773 4500 intra
794 4441 941 4526 aquam
969 4413 1228 4496 mediocriter
1249 4409 1496 4524 profundam
1518 4409 1714 4496 horizon·

284 4587 288 4596 ·
346 4541 482 4628 taliter
517 4532 740 4621 collocetur
763 4527 933 4628 solidum
965 4529 1009 4612 D
1031 4529 1105 4624 C,
1149 4529 1206 4610 ita
1224 4553 1311 4641 -per
1338 4525 1488 4611 lineam
1519 4526 1710 4662 directio-

1648 4669 1711 4745 ml
