3794 5270
375 195 799 356 Liberstptimus.
839 194 1063 309 CAPuT
1090 199 1230 306 Xll.
1382 235 1493 344 739

58 365 201 479 :ujus
223 357 425 475 impetus
450 359 565 444 fieret
582 357 814 472 languidior
822 389 835 450 ς
858 353 993 471 neque
1016 358 1128 442 enirn
1145 357 1366 474 quicquam
1382 361 1498 478 juvat

56 483 278 592 ‚ntiqua
298 474 424 560 virtus
444 535 456 573 ‚
478 474 506 558 st
526 503 636 560 nunc
657 473 718 558 est
740 465 895 557 effoeta.
941 467 1044 579 Qud
1069 475 1195 584 igitur
1208 478 1337 585 magis
1355 476 1499 562 resistit

56 621 250 707 :orpus
274 586 530 700 perculsum,
549 587 849 704 languidiorem
862 589 988 670 icium
1001 593 1230 701 exciperet,
1253 619 1348 676 curn
1364 590 1497 704 levior

56 703 400 821 tnfirmit‘irque
413 711 588 821 impetus
603 711 649 789 in
665 721 715 790 'eo
733 703 961 790 efficeretur
974 698 997 788 al
1012 708 1197 788 tenuiore
1211 716 1253 794 δι
1264 703 1496 820 languidio-

55 853 107 906 re
133 820 441 936 percutientis
461 830 628 936 impetu.
676 821 755 906 Sed
777 849 873 906 cum
890 815 1100 904 manifesta
1125 819 1348 932 refragetur
1369 854 1497 942 expe-
1624 889 1626 894 -

55 939 249 1024 rientia
271 936 488 1024 validiores
499 941 602 1022 iiius
619 931 811 1047 dmajore
826 933 1047 1045 resistentia
1069 961 1179 1020 ortos
1203 937 1496 1045 demonstrans,

56 1052 235 1170 quaeso
256 1049 560 1168 dPhilosophis
574 1113 586 1152 ,
602 1081 648 1136 ut
671 1055 713 1136 in‘
730 1053 806 1136 hac
821 1047 941 1136 causti
953 1051 1056 1134 mihi
1073 1052 1173 1134 dent
1191 1051 1302 1138 banc
1319 1061 1496 1160 veniam,-

63 1199 124 1252 ut
146 1171 458 1288 patianturme
471 1171 522 1254 ab
533 1197 675 1254 eorum
690 1165 848 1283 placitis
864 1159 1164 1282 aliquantulum
1173 1165 1399 1272 discedere,
1415 1203 1497 1260 nec

69 1288 380 1400 percutientis
397 1284 570 1399 impetui
589 1283 768 1368 tribuere
789 1279 1030 1398 ¹facultatem
1051 1277 1302 1369 effestricem
1322 1285 1499 1404 impetit

73 1403 128 1484 in
145 1427 340 1514 corpore
352 1395 688 1516 percull‘o,lyceo
705 1402 891 1515 quamvis
910 1397 1154 1484 reclamante
1174 1431 1186 1493 ς
1207 1402 1274 1484 cui
1294 1400 1498 1496 silentium

79 1519 113 1605 fi
135 1513 354 1632 tantisper
371 1513 550 1603 indicere
570 1511 720 1631 possem
734 1573 746 1612 ,
759 1513 862 1598 dum
884 1541 950 1598 ure
969 1514 1129 1599 audiret
1149 1514 1419 1628 postulantem
1438 1525 1497 1624 id,
1531 1555 1534 1563 ¹

83 1633 217 1748 quod
231 1632 501 1747 aequillrrnurn
513 1631 585 1732 est,
598 1660 644 1716 ut
657 1629 822 1745 nequid
834 1631 919 1714 huc
933 1629 1185 1742 prejudicati
1195 1627 1352 1734 afferat,
1363 1665 1498 1726 meam

88 1744 277 1836 fortalse
291 1745 749 1857 insententiamvolcne
764 1745 1049 1830 deduceretur.

160 1863 285 1952 Com
301 1869 439 1980 itaque
451 1894 530 1951 nec
545 1861 728 1949 dvirtute
747 1861 965 1959 movendi,
980 1891 1069 1976 quae
1092 1869 1249 1979 corpori
1263 1873 1499 1978 percutien·
1544 1950 1548 1960 ,

98 1985 134 2064 ti
159 1981 365 2078 inhaeret,
386 2009 464 2064 nec
483 1979 535 2066 ab
563 1984 719 2096 impetu
736 1974 915 2090 ejusdem
930 1981 1191 2084 percutientis
1211 1981 1318 2066 ellici
1342 2013 1498 2088 novum

102 2123 316 2212 impeturn
332 2101 554 2212 incorpore
569 2088 778 2212 perculso,
796 2089 885 2176 satrs
901 2090 1103 2208 probabili
1115 2095 1345 2205 conjectura
1356 2101 1499 2187 dicen·

106 2215 215 2297 dum
232 2211 444 2310 videatur,
459 2239 646 2327 quaenam
663 2213 830 2296 demum
850 2205 1056 2293 eritcausa
1071 2205 1266 2326 imperiis,
1282 2224 1499 2319 decorum,
1519 2211 1525 2226 ’

83 2343 87 2349 “
109 2357 205 2442 quae
221 2323 759 2444 impetumconstquunrur,
773 2327 817 2408 in
837 2352 1005 2439 corpore
1022 2325 1497 2444 percull'otthuaestio·

114 2443 238 2528 nibus
261 2439 449 2542 satisfiat,
469 2473 568 2560 quas
581 2442 848 2558 percussiones
865 2443 1066 2540 excitant,
1084 2441 1187 2528 nibil
1203 2441 1356 2531 semihi
1376 2443 1500 2536 offert

116 2588 216 2646 vero
240 2565 426 2676 propius,
443 2556 568 2676 quim
589 2559 618 2642 st
640 2559 823 2644 dieamus
840 2586 892 2642 ex
911 2561 1164 2672 percutiente
1176 2563 1221 2644 in
1236 2590 1381 2678 corpus
1400 2576 1497 2679 per-

121 2668 1501 2792 euffurnmigrareimpetum,auttoturn,autexparte,proutalicri·
1581 2679 1587 2686 ’

123 2796 186 2905 jus
199 2785 330 2875 motos
340 2819 466 2907 capax
475 2790 598 2876 fuerit
606 2817 775 2899 corpus,
789 2791 898 2904 quod
917 2793 1045 2872 motui
1065 2797 1329 2904 percutientis
1341 2796 1496 2883 resistit.

127 2912 167 2991 Si
183 2933 287 2990 totus
300 2906 474 3022 impetus
491 2903 782 3024 dpercutiente
811 2905 999 3001 recedat,
1021 2904 1102 2988 boc
1125 2936 1260 3022 neque
1277 2909 1513 3022 reflectitur

110 3045 113 3052 ’
130 3021 180 3108 ab
195 3021 309 3108 obice
324 3017 506 3136 perculso
518 3085 530 3122 ‚
542 3047 679 3138 ¹neque
698 3025 918 3136 quicquam
930 3022 1114 3135 procedit
1128 3025 1171 3104 in
1186 3051 1300 3108 motu
1317 3063 1327 3108 t
1345 3029 1385 3110 Si
1398 3031 1500 3144 quid

133 3135 296 3264 imperils
310 3141 355 3222 in
367 3143 620 3254 percutiente
636 3165 839 3222 remaneat
853 3197 864 3236 ,
879 3137 960 3221 hoc
980 3163 1050 3218 aut
1065 3137 1179 3244 juxta
1195 3139 1497 3230 instittrtamdi-
1559 3225 1565 3238 ,
1661 3193 1664 3200 -

136 3259 341 3340 restionem
354 3259 487 3370 pergil
498 3258 653 3340 moveri
665 3253 747 3338 und
758 3271 856 3336 curn
874 3279 1040 3366 corpore
1050 3248 1246 3366 perculso,
1257 3255 1499 3348 srvelentiits

139 3369 231 3456 illud
246 3367 421 3486 sequitur
434 3431 445 3470 ,
460 3399 532 3454 aut
548 3365 636 3454 alid·
647 3367 906 3488 reflectitur,
910 3396 985 3483 pro
1005 3366 1150 3451 ressdui
1169 3368 1342 3484 imperils
1359 3379 1497 3463 inten-

138 3487 333 3584 lione,aut
346 3485 549 3584 vibratur,
571 3488 874 3571 &concutitur
1240 3556 1244 3571 ,
1375 3553 1381 3564 .
1529 3555 1532 3564 .

194 3605 296 3692 Hinc
309 3606 405 3716 quia
417 3601 640 3714 gravissima
651 3599 766 3684 fimul
794 3609 836 3687 &
847 3599 1047 3686 duriffima
1060 3629 1226 3718 corpora
1242 3629 1400 3692 tanturn
1416 3611 1495 3697 im-

146 3715 245 3836 petiis
259 3717 439 3804 obtinere
453 3713 474 3802 :l
488 3721 741 3834 percutiente
766 3743 1000 3830 nequeunt,
1020 3745 1172 3829 quanto
1193 3747 1292 3832 opus¹
1306 3718 1427 3822 ellet,
1450 3753 1497 3812 ut

148 3864 277 3921 motum
303 3833 481 3950 aliquem
504 3831 768 3948 conspicuum
788 3859 837 3915 eit
857 3833 1103 3946 perculsione
1130 3834 1380 3946 reciperent,
1399 3867 1497 3954 pro,-
1606 3931 1610 3941 ⁸

151 3981 264 4066 pterea
279 3949 513 4036 validissime
534 3947 743 4047 resistunt,
760 3959 802 4034 δι
824 3945 1170 4045 refledunt,cl1m
1189 3949 1396 4038 universus
1408 3957 1497 4044 fere

152 4076 296 4183 inpetus
316 4073 359 4150 in
377 4069 632 4181 percutiente
656 4093 857 4149 remaneat
878 4101 888 4146 ε
913 4063 956 4148 io
984 4093 1128 4180 corpus
1142 4068 1251 4148 enim
1267 4065 1496 4182 perculsum

154 4215 220 4268 non
229 4181 367 4294 migrat
388 4184 461 4268 nili
480 4188 687 4298 impetus,
716 4177 1042 4297 quircspondeat
1065 4177 1221 4276 motui,
1252 4185 1369 4296 cujus
1396 4185 1497 4280 illud

155 4329 233 4384 tunc
255 4298 305 4382 tst
325 4328 462 4413 capax.
507 4303 670 4384 Contra
690 4293 789 4382 verb
819 4293 843 4382 l
869 4295 1134 4412 corporibus,
1161 4286 1414 4410 quel'evitet
1428 4335 1494 4390 ro-

153 4415 284 4513 srstunt,
298 4423 339 4500 ὃ(
353 4414 473 4500 facile
488 4443 705 4521 moventur
718 4411 855 4530 aliquo
871 4443 1006 4508 motu,
1019 4439 1090 4494 aut
1106 4412 1234 4512 nihil,
1250 4443 1321 4498 aut
1336 4414 1497 4533 langui.

99 4513 131 4538 χ
156 4533 200 4616 di
219 4527 418 4618 reflectitur
442 4531 703 4646 percutietur
728 4531 826 4644 quia
847 4529 914 4612 illa
939 4525 1158 4641 plurimum
1185 4529 1360 4646 impetire
1388 4536 1495 4624 reci-

159 4648 317 4770 piunt,&
341 4646 514 4760 exiguus
535 4653 710 4766 impetus
726 4651 770 4736 in
786 4646 1046 4762 percutiente
1048 4642 1252 4847 peliquus'
1263 4647 1345 4736 est.-
1377 4652 1496 4758 Hinc

955 4801 970 4850 .·
995 4771 1034 4852 A
1096 4791 1187 4854 aaa
1248 4801 1268 4850 2
