3834 5272
521 183 912 342 Lt'berrquarrm.
948 197 1161 306 CAPuT
1196 198 1232 300 l.
1469 195 1557 327 365

183 349 355 436 tarditas
371 381 382 442 ς
408 375 497 463 quae
513 347 652 434 addita
664 350 851 460 gravitati
866 353 1056 466 ponderis
1072 361 1101 438 B
1119 348 1380 436 resistentiam
1397 363 1563 464 compo·
1667 445 1670 450 ¹

138 483 142 486 ’
185 495 259 552 nat
278 470 479 550 minorem
497 471 646 548 virtute
664 466 858 552 movendi
887 473 1077 581 potentiae
1105 473 1152 552 A.
1203 469 1412 579 Qoniam
1442 471 1566 562 enim,

188 608 384 668 manente
399 581 550 696 puncto
563 584 600 664 C
613 607 805 695 tanquam
819 579 1103 670 centrourotits
1113 609 1301 698 potenuae
1314 581 1567 666 descenden-

187 700 240 784 t'ts
265 712 307 784 δι
325 695 516 812 ponderis
529 693 806 796 ascendentis,
826 699 1085 786 manifestum
1102 697 1161 785 est
1177 727 1266 782 eam
1285 689 1364 780 eise
1380 727 1567 794 motuum
1656 729 1658 735 ⁴

187 818 432 910 Rationem,
448 841 538 925 quae
554 812 614 894 est
633 816 853 899 radiorum
883 820 969 902 CA
991 819 1131 917 &CB
1147 814 1302 898 idcirco
1328 811 1413 928 qud
1440 819 1568 928 major

187 938 266 1016 erit
283 927 512 1034 hujur'medr
527 929 751 1012 Radiorunr
762 931 1035 1045 inaequalitaS,
1050 926 1105 1014 ed
1122 929 1241 1014 etiam
1255 933 1382 1042 major
1398 929 1475 1012 erit
1488 935 1567 1012 Ra.

190 1053 251 1130 tio
270 1044 403 1130 motos
420 1050 611 1159 potentiae
632 1045 682 1130 ad
699 1075 858 1130 motum
879 1050 1091 1161 ponderis,
1112 1051 1227 1158 cujus
1246 1047 1408 1130 tarditas
1429 1049 1565 1156 gravi-

191 1191 318 1248 tatem
331 1157 591 1275 compensans
602 1167 759 1244 minuet
771 1163 1044 1260 resistentiam,
1056 1190 1100 1246 ut
1112 1167 1250 1248 virtuti
1265 1164 1469 1278 potentiae,
1477 1190 1569 1274 pro-

190 1288 381 1392 portione
405 1273 651 1390 respondeat.

187 1453 192 1464 ι
253 1396 340 1478 Hrc
356 1389 454 1476 verd
469 1453 481 1490 ,
499 1393 524 1474 st
548 1419 631 1477 rem
646 1390 771 1506 paulo
786 1395 979 1482 attentius
995 1390 1266 1508 introspiciat,
1287 1391 1571 1508 deprdhendos

188 1509 349 1597 tamdiu
376 1507 500 1594 soldm
529 1509 786 1594 admirationi
812 1505 901 1626 *effe
920 1513 1201 1596 machinarum
1224 1515 1328 1596 vires
1345 1571 1355 1608 ‚
1375 1507 1571 1622 quamdiu

192 1625 313 1712 cattia
324 1624 484 1708 occulta
501 1653 662 1720 ntanet3
681 1655 769 1740 quae
788 1625 870 1711 stin
883 1625 1065 1712 medium
1080 1623 1325 1740 proferatur,
1339 1623 1568 1710 admiratio·

192 1749 238 1828 ni
258 1739 376 1849 nobis
394 1742 452 1835 est
479 1736 557 1854 ipsa
575 1741 707 1826 nostra
722 1743 951 1828 admiratio.
985 1745 1064 1828 Aio
1087 1744 1215 1854 igitur
1234 1739 1458 1856 potentiam
1478 1767 1569 1824 tan'-

190 1859 379 1944 tumdern
388 1855 508 1970 plani:
523 1855 655 1938 mott'ts
668 1863 708 1939 in
724 1857 899 1970 pondere
910 1859 1176 1945 efficere-cum
1190 1862 1302 1940 vecte
1313 1859 1572 1968 conjunctam

193 1975 331 2073 (idem
343 1974 395 2058 de
413 1970 565 2056 caeteri·
588 1969 1297 2084 pariter·facultatibusintelligatur‚
1315 1974 1485 2056 neidem
1500 1967 1570 2054 sa·-

179 2091 286 2206 .piitr
299 2091 352 2174 ad
364 2083 550 2174 nauseam
564 2086 772 2174 inculcare
787 2095 988 2202 oporteat)
999 2119 1045 2174 ac
1065 2087 1090 2170 fi
1109 2083 1277 2170 solitaria
1293 2090 1437 2174 ecdem
1454 2117 1572 2170 cona·

191 2236 243 2290 tu
260 2205 417 2319 pondus
433 2201 600 2315 aliquod
612 2199 752 2290 secum
763 2204 848 2316 pari
863 2207 1077 2290 velocitate
1089 2203 1334 2302 adduceret,
1349 2231 1419 2286 aut
1439 2199 1574 2286 eleva·

192 2349 270 2406 ret.
302 2325 361 2406 Sit
372 2323 554 2434 potentia,
569 2321 606 2402 A
624 2315 911 2432 aequaliter,ac
928 2321 1087 2435 pondus
1103 2325 1155 2414 B,
1171 2317 1322 2404 distans
1336 2317 1497 2403 afulcto
1512 2319 1575 2411 Ct

196 2447 241 2523 &
258 2465 343 2550 quo
362 2458 520 2518 'conatu
535 2452 722 2518 movetur
745 2440 929 2546 potentia
943 2432 1191 2519 descendens
1209 2429 1334 2547 spatio
1350 2433 1575 2544 digitorum

192 2551 364 2648 decem,
382 2549 481 2636 dum
498 2553 641 2632 arteria
656 2546 715 2631 bis
728 2549 854 2662 pulsat
875 2583 886 2644 ς
910 2577 1030 2663 cogat
1046 2547 1271 2664 oppositum
1288 2551 1447 2666 pondus
1460 2547 1575 2634 librae

194 2663 545 2752 uniusascendere
554 2663 702 2778 pariter
716 2663 861 2750 eo'dem
876 2695 1056 2780 ternpore
1072 2663 1303 2780 perdigitos
1316 2669 1461 2750 decem
1470 2701 1482 2760 5
1495 2659 1576 2748 effe

194 2781 311 2868 enirn
332 2779 504 2896 aequales
526 2777 726 2892 oppositos
749 2779 979 2889 hujusmodi
998 2811 1156 2878 motus,
1213 2787 1254 2866 ui
1279 2811 1331 2864 ex
1355 2779 1575 2896 aeqtralibus

196 2902 341 2984 Radiis
354 2897 652 3009 arcusaequales
666 2888 1090 2994 describunt,certum
1105 2813 1279 2992 estam
1292 2923 1480 2980 manente
1492 2895 1576 2980 Ra·

195 3015 273 3100 dio
290 3017 327 3105 C
341 3015 398 3108 A,
422 3011 533 3121 finge
543 3011 720 3094 Rodium
742 3013 779 3094 C
793 3019 823 3096 B
839 3012 1028 3097 mutilum
1044 3041 1167 3128 atque
1181 3015 1437 3098 decurtatum
1454 3003 1579 3110 oded,

176 3177 179 3185 ·
198 3163 248 3216 ut
263 3127 341 3214 sola
362 3129 445 3239 ejus
461 3157 549 3240 pars
568 3128 727 3208 decima
745 3125 898 3241 reliqua
913 3129 983 3224 fit,
1002 3139 1043 3214 ὅ(
1076 3133 1157 3218 CB
1184 3131 1372 3242 ponderis
1388 3125 1578 3212 distantia

197 3249 254 3333 ab
273 3241 565 3358 hypomochlio
583 3243 629 3324 rit
644 3239 891 3358 i'ubdecupla
906 3242 1103 3330 distantiat
1123 3243 1211 3332 CA
1232 3249 1422 3360 potentiae
1436 3241 1487 3326 ab
1502 3273 1575 3326 eo-

199 3363 298 3450 dem
325 3357 620 3472 hypomochiio
632 3393 643 3440 t
657 3363 733 3440 erit
751 3363 875 3468 igitur
892 3390 1024 3442 morus
1044 3364 1086 3442 in
1105 3366 1134 3444 B
1157 3355 1425 3473 subdecuplus
1443 3354 1581 3442 motds

200 3487 246 3562 in
263 3485 311 3561 A.
357 3473 672 3590 Qarepondus
690 3480 809 3556 unius
832 3475 942 3560 librat
957 3483 1002 3558 in
1018 3476 1096 3558 hac
1117 3473 1361 3590 subdecupla
1387 3473 1579 3558 distantid

201 3593 299 3679 citur
315 3589 561 3702 subdecuplo
580 3587 729 3672 tardius
738 3619 947 3674 moveatur
958 3599 970 3685 (
982 3596 1178 3706 percurrit
1195 3595 1308 3677 enim
1317 3619 1496 3704 tempore
1507 3621 1577 3672 eo-

199 3711 299 3796 dem
316 3703 485 3820 spatium
501 3701 815 3816 litbdecuplum)
841 3707 998 3818 indiget
1019 3701 1144 3791 solitrn
1163 3703 1579 3820 iirbdecuploirnpetu

198 3827 312 3938 ejus,
333 3853 454 3937 quern
470 3819 812 3936 ptiusexigebat,
832 3849 876 3904 ut
894 3822 1100 3935 aequaliter
1125 3851 1219 3908 curn
1235 3822 1416 3938 potentii
1433 3851 1579 3904 move·

146 3953 154 3970 '
200 3970 326 4024 retur.
360 3943 489 4026 Totus
505 3943 629 4047 igitur
646 3941 819 4048 impetus
832 3933 898 4020 ille
911 3998 922 4034 ,
935 3967 1063 4051 quem
1074 3944 1255 4052 potentia
1272 3939 1441 4053 ponderi
1459 3941 1582 4020 unius

199 4053 603 4168 lrbraeimprirnebat,
623 4081 666 4134 ut
677 4051 820 4164 aequali
832 4052 1048 4138 velocitate
1058 4057 1206 4172 pariter
1224 4079 1497 4150 moverentur,
1513 4051 1585 4138 illa

201 4169 514 4266 descendendo,
527 4171 607 4252 hoc
624 4166 907 4268 ascendendo,
923 4170 1104 4256 fidetem
1124 4169 1370 4283 ponderibus
1388 4165 1583 4252 similibus

197 4285 490 4382 distribuatur,
508 4284 593 4368 satis
611 4282 682 4379 est,
698 4311 743 4364 ut
759 4286 974 4370 omniailla
994 4314 1234 4398 movepntur
1252 4283 1498 4398 subdecnpld
1511 4316 1582 4370 ve-

172 4406 381 4492 -locitate
434 4405 546 4516 Qia.
557 4402 892 4486 autern-duorum
904 4407 1056 4486 arteriae
1073 4400 1268 4517 pulsuum!
1279 4396 1403 4513 spatio
1427 4401 1585 4512 ringula

198 4518 430 4606 adtendunt
457 4521 631 4626 digitum
653 4545 806 4612 unum,
837 4527 878 4603 δι
903 4513 993 4600 sunt
1017 4519 1162 4602 decena
1180 4511 1360 4599 asconius
1379 4515 1584 4630 digitales,

198 4640 301 4724 dum
317 4641 500 4750 potentia
511 4627 719 4718 descendit
736 4633 886 4746 digitos
895 4633 1063 4733 decem,
1081 4643 1120 4718 ὃ(
1140 4633 1241 4716 dum
1252 4638 1435 4746 potentia
1448 4641 1586 4749 primo

1146 4751 1220 4835 Zz
1269 4780 1292 4854 3
1546 4761 1549 4768 ’

1446 4907 1457 4944 Ι
