3808 5262
453 279 456 284 ·
533 213 692 328 Liber
707 223 905 337 tertius.
942 223 1277 361 CAPuTVI.
1436 209 1583 364 '285

204 405 424 502 propterea
439 372 620 462 alterutri
635 407 774 464 vacuae
785 379 895 466 libra:
913 380 1021 470 lanei
1037 383 1326 497 imponendam
1339 382 1526 482 unciam,
1542 411 1590 470 ut

203 494 346 618 primi>
360 491 547 610 disposita
559 493 718 580 srtlibra
730 499 781 583 ad
793 499 1071 586 recedendum
1082 499 1134 584 ab
1145 497 1385 616 aequilibrio,
1404 499 1503 584 Hoc
1516 528 1588 584 au-

172 665 179 681 t
201 643 297 702 tem·
309 613 485 708 indicat,
500 605 612 695 librae
626 608 783 724 prorsus
805 643 941 698 vacuae
961 643 1149 700 centrum
1163 619 1370 728 gravitatis
1389 609 1468 700 ess'e
1481 618 1588 701 inter

200 759 391 818 extrema
403 728 552 842 puncta
565 725 772 815 concauus
782 727 968 830 axistsed
982 727 1116 816 additu
1129 729 1251 816 uncid
1264 730 1489 844 compofitae
1500 759 1589 843 gra·

203 853 346 932 vitatis
378 870 565 930 centrum
596 851 818 932 convenire
851 875 947 934 cum
984 875 1167 934 extremo
1197 850 1351 967 pundo
1379 845 1589 932 contaetus

204 967 307 1050 axis.
1469 987 1471 992 '

269 1076 548 1198 Quaerendum
586 1073 647 1162 est
682 1079 843 1190 igitur,
873 1107 957 1194 quo
988 1080 1202 1166 intervallo
1236 1107 1464 1168 extremum
1503 1079 1587 1166 hoc

205 1206 407 1314 punitum
425 1255 436 1291 ,
457 1194 568 1310 quod
588 1199 711 1278 etiam
730 1193 791 1280 est
808 1200 1015 1304 gravitatis
1035 1225 1244 1298 centrum,
1262 1197 1385 1282 distet
1409 1195 1588 1281 timedio

204 1317 296 1426 jugi
321 1311 484 1430 puncto,
533 1311 581 1395 Id
603 1312 713 1424 quod
730 1336 778 1392 ut
795 1309 1043 1412 innotescat,
1059 1313 1292 1399 observetur
1315 1316 1406 1424 jugi
1432 1323 1474 1398 &
1495 1311 1586 1396 lan·

208 1435 322 1515 cium
340 1431 514 1540 gravitas
524 1459 536 1520 t
558 1421 645 1512 tunt
666 1429 711 1510 in
724 1427 1046 1536 extremitatibus
1063 1431 1152 1543 jugi
1169 1427 1419 1542 intelligatur
1430 1425 1589 1512 semrffis

208 1544 463 1660 singulorum
488 1539 771 1642 brachiorum,
789 1551 831 1628 ὅ(
846 1543 1016 1629 addatur
1030 1543 1277 1656 srngularum
1297 1547 1475 1628 lancium
1492 1571 1585 1654 gra·

207 1666 338 1748 vitas:
354 1661 429 1742 iint
440 1685 576 1772 autem
591 1659 688 1744 hinc
703 1669 745 1744 dt
764 1659 863 1742 hinc
878 1687 942 1742 ex.
955 1685 1014 1772 gr.
1027 1666 1156 1743 unciae
1171 1660 1390 1746 duodecim
1402 1683 1486 1744 tota
1497 1685 1586 1770 gra·

209 1786 341 1864 vitas:
366 1773 477 1859 alteri
495 1774 666 1856 addatur
685 1778 833 1870 uncia,
852 1783 894 1860 dt
914 1801 1035 1858 erunt
1054 1775 1153 1860 hinc
1174 1777 1342 1891 quidem
1362 1778 1491 1856 unciae
1512 1805 1584 1868 ης

125 1933 136 1952 ·
209 1885 649 1994 hincverdunciae13.
694 1895 833 1998 Quare
852 1893 1001 2001 jugum
1026 1891 1235 2004 reciproci:
1250 1891 1522 2001 distinguatur
1543 1893 1587 1972 in
1630 1941 1632 1947 ,

207 2011 313 2094 duas
334 2033 488 2122 partes,
506 2031 679 2116 quarum
698 2005 823 2091 altera
840 2009 887 2088 iit
901 2035 946 2110 13
963 2067 976 2102 ,
993 2003 1117 2090 altera
1138 2038 1187 2090 12
1212 2041 1221 2088 ε
1248 2013 1372 2119 igitur
1388 2007 1587 2118 punitum

208 2125 295 2216 hoc
308 2115 781 2234 divifionisjugidistatd
801 2119 937 2204 medio
955 2121 1042 2230 jugi
1059 2127 1212 2234 pundio
1225 2149 1338 2236 parte
1361 2117 1442 2204 und
1463 2125 1587 2233 quin-

209 2236 446 2354 quagesrmd
458 2240 581 2318 totius
596 2233 864 2346 longitudinis
876 2233 1053 2344 ejnidem
1063 2239 1279 2352 jugithaec
1290 2237 1487 2350 siquidem
1498 2233 1588 2318 lon·

209 2357 360 2468 gitudo
380 2351 566 2438 distincta
589 2351 831 2461 intelligitur
858 2355 903 2432 in
929 2377 1060 2464 partes
1086 2385 1132 2466 ²5
1162 2353 1364 2468 aqualem
1389 2353 1589 2464 punctum

209 2471 396 2557 medium
412 2466 463 2554 ab
480 2470 735 2552 extremitate
747 2463 869 2551 distat
883 2466 1063 2581 partibus
1086 2497 1131 2552 12
1151 2475 1184 2578 ξ,
1203 2497 1389 2552 centrum
1405 2471 1587 2576 gravita-

206 2605 268 2690 tis
281 2597 508 2714 compofitae
524 2597 645 2684 distat
655 2593 837 2716 partibus
853 2623 925 2690 125
943 2595 1069 2704 igitur
1083 2605 1326 2716 punstorum
1341 2599 1587 2687 istorumin.

209 2713 429 2805 tervaiium
443 2711 502 2798 est
518 2719 559 2830 ⁵³0·-

271 2841 352 2937 Jam
381 2847 611 2958 imponatur
636 2838 750 2926 alteri
774 2839 881 2929 lanei
901 2875 1051 2947 merx,
1088 2875 1177 2964 quae
1197 2837 1292 2935 cum
1317 2853 1496 2966 pondere
1524 2849 1587 2938 le·
1642 2919 1644 2924 -

211 2963 360 3072 gitimo
388 2957 457 3043 lib.
474 2996 508 3042 2.
542 2961 664 3046 faciat
684 2959 954 3072 aequilibrium
981 2999 990 3044 ε
1021 2969 1085 3048 aio
1108 2996 1192 3049 non
1209 2962 1316 3080 poffe
1339 2973 1588 3081 pronuncia-

210 3081 251 3158 ri
273 3105 449 3160 mercem
469 3069 553 3160 effe
581 3107 674 3162 unc.
691 3103 737 3183 25
767 3109 777 3155 ε
805 3103 899 3158 nam
917 3077 944 3160 st
965 3107 1140 3192 ponatur
1158 3111 1271 3166 merx
1287 3111 1380 3166 unc.
1403 3119 1421 3168 2
1430 3117 1450 3194 ς,
1477 3121 1486 3164 :
1513 3083 1588 3168 ad-

204 3187 301 3278 diti
324 3194 520 3305 gravitate
546 3193 672 3278 lancis
696 3198 737 3272 &
760 3187 914 3301 brachij
944 3223 1102 3278 unc.12
1131 3225 1182 3279 ex
1206 3197 1420 3312 hypothesi
1446 3260 1457 3293 ,
1488 3197 1588 3282 hinc

210 3306 383 3424 quidem
407 3299 533 3390 css'ent
562 3314 691 3394 unciae
705 3333 792 3411 37,
821 3307 921 3392 hinc
938 3305 1038 3394 verd
1066 3317 1192 3395 unciae
1219 3325 1271 3416 36
1294 3344 1320 3406 t·
1335 3318 1460 3424 igitur
1483 3315 1590 3398 divi-

212 3428 259 3510 (ὸ
272 3431 374 3538 jugo
395 3425 439 3505 in
460 3450 590 3538 partes
609 3457 634 3532 7
642 3459 660 3532 3
674 3484 686 3522 ‚
701 3445 887 3505 centrum
900 3429 1108 3534 gravitatis
1124 3424 1288 3512 distaret
1304 3423 1327 3510 ai
1347 3432 1485 3514 medio
1500 3433 1590 3544 jugi

210 3544 367 3658 punito
380 3561 491 3655 parte
503 3541 565 3664 323.
599 3545 654 3627 At
670 3537 868 3655 punitum
881 3567 1108 3627 extremum
1122 3540 1328 3643 contactus
1343 3549 1429 3629 axisw
1447 3545 1592 3655 &jugi

211 3683 338 3772 distat
348 3711 460 3798 parte
473 3685 525 3802 ᾗ,
543 3683 668 3794 igitur
682 3677 811 3764 multo
824 3685 951 3798 majus
966 3679 1127 3797 pondus
1139 3675 1253 3795 supra
1262 3689 1424 3770 unciam
1438 3687 1591 3772 adden-

179 3823 182 3826 ’
209 3815 316 3904 dunt
333 3813 392 3900 est
409 3819 558 3914 merei,
575 3844 619 3900 ut
640 3816 912 3931 aequilibrium
927 3817 1127 3938 exquisite
1147 3820 1271 3907 faciat
1297 3856 1393 3910 eum
1405 3829 1592 3941 pondere
1616 3900 1618 3904 .
1639 3825 1644 3832 ’

210 3932 401 4044 legitimo
417 3929 486 4016 lib.
502 3967 537 4018 2.
569 3936 778 4030 Nimirum
795 3936 1043 4026 instituenda
1054 3935 1113 4024 est
1126 3935 1367 4052 analogiam
1391 3971 1404 4024 1
1418 3979 1437 4028 2,
1451 3935 1590 4049 ad'13‚

212 4053 273 4162 ita
284 4051 412 4130 unciae
429 4058 481 4155 36
493 4049 545 4134 ad
560 4053 699 4134 uncias
710 4082 759 4158 39
770 4086 783 4148 5
794 4053 960 4170 dempto
979 4059 1104 4168 igitur
1112 4053 1297 4172 pondere
1308 4055 1432 4140 lancis
1446 4067 1486 4144 ὅ(
1502 4056 1592 4142 bra·

209 4165 300 4280 chij
317 4161 449 4263 librat,
470 4170 673 4278 quantitas
684 4169 829 4253 mercis
844 4169 904 4256 est
921 4202 1015 4256 unc.
1029 4202 1093 4277 27.
1136 4173 1198 4255 Ex
1219 4199 1302 4286 quo
1318 4169 1476 4284 liquet,
1502 4169 1590 4290 qud

211 4283 366 4388 majora
382 4279 563 4396 pondera
579 4281 763 4368 lancibus
785 4281 1075 4402 imponuntur,
1088 4281 1142 4370 ed
1163 4291 1356 4388 maiorem
1369 4281 1447 4370 effe
1464 4287 1590 4378 diffe-

213 4399 389 4481 rentiam
410 4393 435 4480 ὲ
457 4397 637 4514 pondere
663 4395 858 4512 legitimo.
910 4405 1026 4487 Hinc
1044 4399 1211 4487 ulterius
1226 4427 1338 4514 patet
1356 4401 1591 4510 hujusmodi

212 4507 316 4597 libre
333 4507 451 4596 satius
472 4507 550 4598 effe
568 4511 738 4598 multam
763 4546 941 4605 mercem
963 4515 1077 4604 simul
1095 4515 1348 4630 ponderare,
1374 4519 1497 4632 quim
1518 4549 1592 4634 per

213 4655 349 4744 partes
367 4663 376 4710 ε
402 4655 509 4744 pone
523 4623 727 4716 enimeffe
748 4636 887 4722 uncias
904 4667 919 4720 1
933 4670 953 4720 2
969 4630 1142 4748 legitimi
1155 4633 1344 4744 ponderis
1359 4694 1371 4736 ,
1395 4665 1591 4752 cumque

1135 4747 1313 4860 ΧΝΜ
