3780 5270
412 201 510 321 592
554 219 557 226 ·
784 208 801 227 ⁴
886 154 1309 302 Methanicmm
1518 273 1525 283 .

415 336 505 452 piar
523 324 864 448 quemadmodum
885 327 1026 412 fiduos
1038 319 1298 414 fimrtlrestcs
1310 321 1358 412 in
1372 325 1417 414 D
1436 333 1479 414 δί
1493 315 1639 414 uidem
1652 323 1745 422 susti-

418 447 555 548 neret,
571 443 714 560 utique
726 444 978 536 ‚tantumdem
990 446 1135 528 virium
1148 441 1404 560 impenderet
1416 446 1465 528 in
1482 471 1646 566 utruque
1657 449 1747 540 simul

418 561 673 659 sustinendo,
693 585 892 676 quantum
907 557 934 646 fi
948 563 1092 642 unicus
1106 549 1353 646 effetveffis.
1443 561 1446 567 ’
1474 549 1507 572 ”

476 685 630 794 Neque
639 671 790 764 dixeris
806 671 987 759 sustineri
1009 670 1206 788 pondusti
1223 671 1747 782 funibueinferioresorbicu·

419 795 479 884 los
515 788 903 909 complectentibust
923 785 1018 870 Hoc
1043 793 1157 874 enirn
1181 790 1239 877 ad·
1256 787 1498 908 propositam
1525 795 1748 910 questionem

420 910 527 997 nihil
540 907 622 1006 est,
640 934 728 994 turn
740 909 837 1019 quia
852 899 963 988 nulla
978 902 1037 990 est
1052 901 1312 1008 sustentatio,
1337 907 1749 1024 stpoudusraptauduu

421 1021 471 1112 fi't
487 1031 530 1109 in
555 1023 677 1140 plano
698 1015 969 1116 horizontali‚
987 1029 1029 1106 δι
1045 1047 1183 1105 tamen
1205 1021 1497 1112 vis-Trochleae
1518 1055 1708 1118 excreturi
1719 1039 1749 1118 ir

420 1169 563 1234 uretur
586 1154 686 1222 tum¹
705 1133 802 1254 quia
830 1135 883 1224 ad
899 1133 1059 1250 pondus
1081 1135 1340 1228 retinendum
1364 1139 1488 1234 funes
1510 1146 1594 1224 vim
1612 1147 1749 1232 erudera

421 1281 682 1352 exercerent,
698 1253 728 1335 st
744 1280 827 1336 tam
846 1247 978 1362 ampla
989 1244 1086 1336 effer
1103 1257 1223 1337 unius
1237 1252 1410 1340 orbiculi
1423 1255 1574 1354 orbita,
1590 1285 1632 1340 ut
1643 1257 1751 1346 funem

421 1399 642 1484 utrumque
658 1386 839 1484 caperet,
855 1365 920 1452 vel
937 1369 1081 1450 unicus
1094 1359 1191 1452 ellet
1207 1367 1414 1455 funis-tam
1428 1359 1584 1456 validus
1597 1433 1608 1469 ‚
1621 1399 1663 1454 ut
1676 1376 1750 1460 utri-

422 1517 506 1603 que
519 1483 575 1570 illi
590 1485 704 1585 funi,
721 1480 868 1598 quibus
883 1480 967 1566 duo
983 1479 1190 1574 inferiores
1209 1484 1380 1572 orbiculi
1398 1485 1604 1583 infistunt,
1617 1493 1753 1602 aquiu-

378 1637 381 1645 ·
424 1597 649 1696 leretrtuin
693 1603 951 1712 uiaveropro
983 1594 1301 1700 'usestdiceres
1354 1603 1458 1686 udus
1471 1598 1647 1689 sustiueri
1663 1603 1752 1692 lela-

423 1738 491 1814 νο,
506 1747 558 1802 ex
573 1621 1040 1832 quoiuperiortrucffiea
1053 1713 1218 1831 pendet,
1231 1713 1584 1840 quamifunibus,
1597 1724 1753 1831 quemad·

426 1824 1076 1948 modumipsapoientiasustiuett
1089 1857 1322 1918 nouantem
1338 1837 1399 1918 vis
1412 1830 1632 1918 sustinendi
1642 1835 1752 1920 tribui·

427 1975 495 2030 tur
512 1945 601 2031 funi
620 1941 706 2042 illi,
732 1971 856 2060 quem
881 1946 1063 2060 potentia
1088 1949 1227 2061 arripit
1246 2007 1257 2046 ,
1274 1955 1322 2036 ’δι
1342 1971 1426 2062 quo
1443 1949 1582 2034 medio
1605 1949 1750 2036 sustinet:

429 2059 581 2148 Clavus
594 2087 729 2142 autem
740 2061 783 2144 in
798 2055 1031 2168 hujusmodi
1046 2061 1250 2162 trochleis,
1261 2065 1432 2180 quaudo
1439 2063 1753 2178 potentiatrahert

428 2173 614 2293 proxime
631 2171 855 2290 applicatur
871 2172 1061 2262 trochleae
1086 2174 1203 2271 olavo
1227 2181 1419 2278 adnexa,
1437 2177 1608 2293 perinde
1629 2179 1754 2265 sustinet

427 2293 905 2406 eotamatque·.integram
920 2291 1408 2406 ponderisgravitatem,s1
1420 2294 1556 2407 plures
1569 2295 1702 2380 fuerint
1711 2325 1754 2378 ot-

426 2405 576 2504 biculi,
596 2435 643 2488 ac
658 2402 843 2488 frunitus
854 2399 951 2495 effer
964 2403 1190 2503 orbiculus3
1209 2437 1454 2524 quamquam
1471 2409 1649 2522 potentia
1657 2409 1755 2495 ruinis

426 2517 681 2606 'relustansin
692 2518 873 2636 plurrlius
886 2516 1099 2622 orbiculis,
1118 2527 1277 2614 minore
1288 2529 1442 2638 impetu
1463 2553 1634 2610 conetur
1649 2525 1755 2612 adver·

391 2693 396 2701 ·
429 2637 495 2724 slis
510 2637 669 2750 pondus
677 2663 750 2738 ‚ae
764 2637 936 2750 proinde
948 2635 1326 2724 illaclavumminur
1334 2633 1758 2755 premattquaudoverl

431 2755 613 2872 potentia
635 2749 1055 2869 proximeapplicatur
1071 2753 1263 2837 trochleae
1282 2752 1463 2838 inferiori
1477 2813 1491 2852 ,
1503 2783 1632 2870 ¹atque
1645 2752 1759 2840 sursum

425 2865 581 2966 trahit,
601 2865 738 2952 clavus
755 2860 831 2954 nec
848 2893 1016 2978 urgetur
1033 2865 1084 2956 ab
1100 2865 1257 2988 impetu
1271 2865 1462 2983 potentia
1477 2929 1490 2966 ,
1505 2899 1626 2986 quem
1639 2865 1758 2954 nulum

377 2999 382 3006 '
433 2988 590 3100 recipit,
604 2977 779 3097 necipse
794 2979 960 3068 sustinet
973 3010 1106 3070 toturn
1117 2983 1289 3098 pondus.
1317 2985 1444 3093 Quod
1457 2983 1484 3066 sr
1499 2985 1652 3096 pondus
1662 2983 1758 3068 traha·

434 3126 502 3184 tur
517 3093 561 3186 iri
577 3097 699 3212 planu
723 3097 992 3198 horizontali·,
1011 3096 1091 3184 sola
1108 3102 1290 3213 potentia
1304 3099 1390 3196 est,
1411 3127 1502 3211 quae
1515 3098 1689 3185 adversis
1700 3098 1758 3180 cla·

435 3243 535 3300 vum
549 3209 657 3298 suam
670 3209 755 3298 vim
775 3242 940 3329 exercet
952 3211 1174 3330 superando
1185 3211 1445 3300 resistentiam
1463 3215 1666 3332 ponderis,
1680 3211 1760 3328 quud

436 3327 541 3530 nlihil
555 3323 641 3440 agit
659 3327 849 3418 adversus
860 3328 1045 3433 clavum,
1061 3326 1129 3414 sed
1142 3323 1211 3440 lui
1222 3338 1226 3347 '
1231 3332 1430 3441 gravitate
1446 3357 1566 3443 urget
1582 3327 1762 3440 subjectum

479 3473 615 3530 anum.
836 3505 841 3517 a

435 3473 464 3568 P
496 3571 549 3652 Ut
565 3581 702 3645 autem
718 3556 931 3648 manifeste
948 3560 1231 3678 deprehendat
1252 3560 1355 3646 nihil
1372 3555 1451 3650 effe
1476 3561 1683 3648 Trochleis
1695 3583 1763 3643 cum

440 3681 571 3764 Velie
583 3675 834 3784 commercii,
848 3679 932 3762 duo
951 3675 1064 3788 ligna
1081 3685 1243 3792 accipe,
1259 3675 1554 3794 cuiuscumque
1574 3680 1715 3762 candem
1727 3673 1761 3754 fi-

440 3819 549 3910 gurae
566 3827 578 3874 t
593 3790 842 3901 fingulistria
855 3791 977 3876 insrnt
986 3792 1196 3912 foramipa,
1210 3795 1346 3909 quoad
1356 3798 1444 3907 ejus
1458 3793 1544 3878 fieri
1556 3799 1762 3909 poterit,er·

438 3905 587 4025 quisue
607 3908 755 4022 polita,
774 3933 820 3988 ut
837 3910 993 3991 minore
1006 3907 1202 3992 confliciu
1220 3909 1329 3994 funis
1340 3937 1556 3993 excurrere
1575 3908 1697 4024 poffit:
1712 3905 1764 3988 de·

439 4021 538 4108 inde
550 4021 658 4107 funis
670 4022 825 4108 alterno
833 4021 885 4107 ab
901 4053 984 4106 uno
998 4021 1042 4106 in
1054 4022 1226 4108 alterurn
1238 4024 1263 4107 li
1267 4027 1397 4139 gnu'ru
1415 4026 1543 4110 ductu
1556 4020 1765 4140 perforatri-

439 4169 492 4224 rra
503 4141 742 4251 trajiciatur:
758 4139 868 4222 Nam
881 4137 1088 4222 sraltcrum
1101 4139 1305 4252 lignorum
1317 4139 1549 4253 hujufinodi
1563 4168 1666 4224 certo
1676 4141 1710 4217 iu
1721 4131 1766 4215 lu·

437 4285 490 4341 co
503 4253 708 4352 firmetur,
724 4253 836 4358 alteri
852 4253 1089 4338 adnectatur
1097 4255 1279 4370 pondus,
1294 4285 1380 4342 tum
1394 4257 1500 4342 funis
1510 4251 1768 4338 extremitatem

299 4413 306 4426 ’
388 4451 391 4464 1
438 4374 632 4484 arripiens
644 4369 924 4467 trahas3idem
934 4367 1056 4484 plane
1069 4369 1269 4484 praestabis
1280 4373 1420 4486 ,quod
1433 4369 1623 4458 adhibitis
1639 4365 1767 4484 orbicu-

435 4487 484 4572 lis
495 4491 537 4569 in
553 4483 837 4570 communibus
848 4483 1063 4569 Trochleit
1078 4522 1088 4566 z
1102 4495 1144 4570 δι
1156 4513 1292 4570 tamen
1305 4488 1462 4573 nullum
1476 4485 1543 4572 hle
1554 4488 1669 4571 vestis
1681 4476 1768 4564 vestr·

433 4606 547 4718 glum
560 4629 735 4718 apparet.
773 4597 1515 4719 Certeinmajuribusuavigiismalus
1530 4600 1628 4690 liinc
1644 4595 1767 4714 &hinc

427 4755 431 4762 ’
883 4745 888 4756 ‘
1680 4731 1766 4795 naut
