3918 5262
355 232 425 334 φο
833 169 1253 298 Mechanicorum
1692 324 1695 330 Ι

353 352 570 444 cumlinea
585 339 816 432 diretiionis
829 375 880 430 ex
895 347 1100 458 gravitatis
1115 370 1257 426 centro
1274 343 1297 424 S
1316 339 1619 426 dustein-terrac
1631 367 1727 428 cen-

357 500 466 555 trum
479 463 662 548 transrbit
677 491 749 574 per
774 465 804 544 P
823 459 972 546 locum
995 457 1214 546 concutitis.
1250 463 1299 540 sn
1312 460 1390 576 liae
1407 481 1543 538 autem
1559 487 1729 540 conver-

355 581 579 674 sionedum
591 605 685 662 rotro
700 604 829 690 partes
843 581 950 660 inter
964 575 1010 658 H
1028 579 1111 662 &P
1131 574 1327 686 deinceps
1341 577 1530 685 aptantur
1550 569 1742 683 subjetto

355 699 499 817 plano,
516 721 704 778 centrum
724 693 892 804 quidem
903 691 1020 775 molis
1040 687 1243 786 ascendit,
1262 687 1328 770 sed
1348 713 1536 770 centrum
1556 691 1731 799 gravita-

348 824 406 901 tis
424 821 448 900 S
467 809 686 898 descendit.
715 806 883 890 Lineam
897 803 1021 922 porri)
1044 811 1067 890 S
1083 810 1112 888 P
1132 810 1333 888 minorem
1346 795 1424 886 elle
1447 799 1556 894 lineri
1577 805 1667 902 SE,
1686 812 1728 888 δι

354 927 466 1019 hanc
482 919 800 1011 minoremlined
821 925 890 1018 SI,
909 935 948 1008 ὃ(
968 921 1076 1006 hanc
1091 919 1200 1004 linei
1218 923 1241 1002 S
1257 921 1316 1013 H,
1335 907 1491 1000 constai
1510 947 1561 999 ex
1573 947 1727 1032 propp.

350 1047 422 1134 lib.
430 1080 464 1152 3.
476 1038 637 1127 'Euclsr
660 1034 853 1123 nimirum
875 1067 947 1152 per
965 1041 1016 1135 S,
1039 1049 1082 1124 δι
1100 1039 1136 1120 C
1159 1061 1346 1121 centrum
1361 1059 1504 1143 agatur
1520 1033 1729 1118 diameter.

354 1167 455 1250 Non
487 1156 547 1241 est
569 1181 707 1238 tumen
737 1150 985 1238 censendum
1011 1149 1234 1269 quamlibet
1261 1149 1450 1264 ponderis
1477 1148 1729 1232 additionem

355 1284 403 1362 in·
419 1277 506 1361 ΟΡ
533 1262 735 1362 satiselle,
756 1297 801 1350 ut
816 1272 861 1352 in
879 1268 1064 1385 quolibet
1075 1269 1197 1383 plano
1211 1265 1406 1348 inclinato
1422 1289 1507 1344 rota
1519 1259 1728 1357 ascendam

355 1393 385 1478 fi
406 1395 518 1476 enim
540 1385 728 1471 distantia
746 1389 887 1484 centri¹
894 1389 1100 1497 gravitatis
1123 1379 1146 1465 d
1167 1407 1310 1464 centro
1335 1405 1429 1460 rotae
1446 1381 1579 1462 minor
1597 1381 1731 1478 fuerit,

354 1504 482 1626 qualm
505 1496 924 1594 Sinueinclinationis
948 1499 1082 1615 plani,
1102 1495 1256 1610 semper
1278 1491 1495 1580 descendet
1517 1527 1529 1586 3
1553 1493 1731 1600 sreidem
1832 1545 1835 1550 -

353 1627 472 1710 Sinui
486 1615 670 1734 aequalis,
694 1643 778 1698 non
789 1610 979 1702 ascendet
991 1653 1005 1714 5
1030 1617 1056 1702 fi
1074 1617 1242 1706 domum
1253 1610 1405 1698 e‘osrnit
1417 1612 1565 1722 major,
1583 1617 1731 1726 poterit

352 1736 584 1830 ascendere.
1290 1823 1299 1834 ,

752 1861 790 1942 ο
1213 1850 1272 1930 Sit
1299 1842 1466 1958 planum
1490 1841 1730 1941 inclinatum

1154 1961 1380 2073 AB‚quod
1394 1963 1437 2042 in
1458 1961 1503 2042 H
1522 1965 1733 2070 contingat

1087 2079 1091 2086 ’
1153 2073 1352 2161 circulum
1371 2077 1508 2172 (hunc
1524 2071 1634 2158 sumo
1651 2081 1730 2157 cir-

984 2297 996 2316 ·
1153 2192 1294 2276 culum
1316 2249 1342 2309 ,Ι
1360 2194 1431 2306 qui
1466 2187 1636 2274 transeat
1662 2179 1735 2304 pep

1100 2369 1102 2373 ,
1156 2335 1342 2402 centrum
1372 2333 1462 2388 tum
1498 2305 1613 2388 molis
1645 2333 1733 2389 tum

1155 2425 1360 2534 gravitatis
1372 2449 1465 2502 rotae
1478 2424 1489 2514 )
1504 2426 1618 2535 cujus
1631 2450 1731 2504 cen·

1154 2565 1262 2620 trum
1288 2539 1347 2634 C,
1372 2547 1414 2622 dc
1435 2537 1607 2620 ducatur
1628 2539 1734 2620 redu

1154 2655 1191 2736 C
1207 2653 1275 2749 H,
1291 2681 1379 2764 quae
1397 2681 1500 2734 cum
1513 2653 1732 2766 perpendi-

1153 2767 1278 2851 culari
1315 2769 1422 2850 ΗΟ
1456 2765 1577 2850 faciat
1602 2793 1734 2878 ungu·
1801 2829 1803 2834 ·

1037 2919 1077 3004 D
1153 2881 1238 2966 lum
1269 2884 1437 2966 CHO.
1490 2885 1600 2996 Qua
1621 2886 1733 2966 enim¹

834 3072 837 3080 .
1076 3039 1080 3050 ·
1152 3000 1252 3082 OH
1274 2997 1466 3111 producit
1480 3001 1586 3082 cadit
1599 3003 1642 3080 in
1657 2999 1731 3081 ho·
1817 3085 1818 3090 Ν

358 3125 562 3207 rizontetn
579 3116 671 3200 AD
688 3107 1029 3226 perpendicularis
1041 3173 1052 3209 ,
1065 3121 1107 3198 &
1120 3110 1292 3227 angulus
1313 3116 1353 3198 O
1367 3113 1462 3214 HA
1477 3141 1551 3228 pet
1562 3111 1732 3218 32.lib.r.

362 3232 524 3350 aequalis
537 3231 596 3316 est
609 3231 767 3315 duobus
779 3227 1007 3309 internisH
1020 3231 1096 3315 ΡΑ
1110 3289 1122 3326 ,
1134 3235 1204 3315 ΡΑ
1216 3229 1262 3312 H
1275 3227 1505 3328 ,lestautem
1522 3229 1616 3312 AH
1632 3229 1733 3312 Cad

362 3351 672 3458 contingentem
685 3336 1153 3427 fanusdstmidiameno
1177 3347 1306 3426 renus
1323 3371 1396 3458 per
1419 3343 1558 3429 18.lib.
1576 3373 1611 3448 3.
1632 3343 1734 3426 ficut

364 3476 407 3552 δι
427 3467 473 3546 H
483 3465 555 3566 EA
576 3457 801 3552 est‘reetusr
819 3453 996 3571 reliquus
1015 3455 1108 3541 CH
1121 3461 1162 3541 O
1180 3457 1342 3574 aequalis
1360 3457 1419 3542 est
1431 3457 1582 3571 angulo
1599 3459 1644 3540 H
1656 3463 1732 3546 AF

363 3577 638 3664 inclinationis
650 3575 773 3688 plani.
799 3573 970 3657 Certum
983 3571 1042 3656 est
1052 3576 1178 3684 igitur
1193 3570 1333 3689 ,qudd
1348 3577 1392 3658 in
1403 3603 1657 3690 campartem
1670 3605 1733 3657 ro·

363 3723 408 3796 tp
428 3717 707 3787 convertetur,
730 3694 774 3772 in
793 3717 875 3802 qua
899 3687 1022 3771 fuerit
1044 3715 1234 3773 centrum
1258 3695 1476 3802 gravitatis.
1524 3695 1733 3804 Qoniam
1827 3775 1833 3784 ,

326 3813 329 3818 ’
365 3803 466 3893 vero
493 3807 561 3892 CI
589 3803 649 3888 est
677 3807 794 3888 Sinus
817 3801 957 3913 anguli
985 3806 1133 3902 CHI,
1153 3805 1281 3919 posito
1300 3807 1412 3892 radio
1446 3807 1540 3890 CH
1554 3865 1565 3902 ,
1584 3805 1732 3890 estan-

365 3952 450 4010 tem
463 3924 529 4006 CI
548 3923 717 4004 minima
728 3921 911 4001 omnium
923 3975 934 4010 ‚
948 3947 1038 4032 quae
1054 3949 1104 4004 ex
1120 3923 1166 4004 C·
1180 3925 1332 4034 pundo
1352 3921 1498 4004 cadant
1518 3925 1563 4003 in
1586 3925 1734 4006 tedam

367 4041 413 4124 H
426 4042 494 4135 0,
510 4033 765 4118 manifestum
781 4030 838 4116 est
855 4093 866 4130 ,
883 4027 1021 4145 qudd,
1036 4034 1063 4116 sr
1079 4063 1264 4120 centrum
1278 4039 1483 4146 gravitatis
1499 4034 1622 4120 fuerit
1635 4065 1733 4119 cen·

368 4180 433 4236 tro
447 4179 541 4234 rotae
565 4153 757 4245 vicinius,
780 4175 826 4229 ut
848 4151 892 4229 in
905 4149 967 4246 R,
991 4174 1078 4232 rota
1091 4146 1246 4264 semper
1257 4149 1501 4250 descendet,
1524 4155 1618 4267 quia
1633 4181 1733 4235 cen-

369 4293 477 4350 trum
512 4268 718 4376 gravitatis
763 4258 921 4378 respicit
955 4263 1232 4350 declivitatem
1260 4263 1369 4378 plani
1397 4303 1405 4347 :
1438 4294 1516 4365 at,
1553 4266 1580 4349 s1
1611 4265 1735 4352 fuerit

367 4387 414 4466 in'
437 4385 483 4480 1,
508 4377 722 4466 ascendere
746 4395 830 4460 non'
854 4375 1013 4490 potest,
1047 4385 1143 4494 quia
1161 4409 1250 4492 pars
1281 4375 1495 4494 respiciens
1524 4379 1732 4466 acclivita·
1757 4425 1758 4430 Ν

334 4508 454 4580 ‘tem
491 4491 599 4608 plani
633 4525 716 4578 non
747 4492 1062 4608 preponderat:
1095 4495 1122 4577 sr
1157 4496 1325 4578 demum
1350 4493 1513 4608 longiits
1540 4496 1564 4582 i
1591 4510 1733 4580 centro

365 4608 553 4702 distiterit
572 4671 584 4710 ‚
608 4637 653 4694 ut
668 4613 711 4696 in
727 4613 750 4692 S
764 4669 777 4708 ,
791 4607 1011 4696 'ascendere
1030 4617 1205 4724 poterit,
1232 4603 1358 4724 usque
1376 4611 1476 4696 dum
1489 4613 1687 4730 puncium
1706 4615 1732 4698 S

1604 4723 1785 4814 fuerit-
