3818 5264
302 219 305 226 ’
377 170 478 318 ψ’,
647 303 653 314 .
848 136 1279 278 Methanicomm
1361 251 1365 254 ,

367 369 461 445 3¹0·
479 365 525 416 22
533 363 552 440 3
570 315 769 410 continue
781 299 1100 442 proportiotlales
1110 321 1318 440 proximd,
1340 323 1476 444 spretis
1491 329 1746 446 ftasliuncu-

363 455 423 540 lis.
444 457 583 567 Quare
600 445 627 526 fi
647 445 717 528 fiat
732 471 777 524 ut
798 442 1086 551 dod'ad431'ss
1110 450 1166 526 ita
1179 441 1471 532 semidiameter
1484 451 1565 536 AF„
1579 449 1631 534 ad
1646 453 1748 554 BN,
1837 559 1841 568 Ι

233 611 242 628 ·
363 556 1491 674 erithaecsemidiametetquaefitasuffitientetreststens.

425 685 634 799 Qoniam
650 683 789 792 itaque
810 679 877 761 BE
906 675 1031 792 dupla
1050 677 1244 792 estipfius
1275 681 1381 776 ΑΕ,
1407 693 1450 771 &
1476 684 1555 766 ΑΕ
1579 684 1630 768 ad
1654 685 1743 772 BN

362 797 692 888 fastaestutnoo
711 795 972 901 ad431,erit
993 797 1064 878 BE
1083 795 1232 880 adBN
1254 798 1743 906 uttzooad4315&se-

365 916 551 1003 cundum
567 915 675 1000 hanc
693 911 867 995 eandem
882 911 1105 996 Rationem
1122 908 1161 998 se
1176 909 1390 996 habebunt
1403 910 1744 1028 semiquadrantes
1778 937 1781 942 '

363 1033 500 1120 abillis
512 1027 712 1142 descripti.
744 1029 1023 1142 Atqui-ostam
1042 1025 1279 1142 peripheriae
1291 1059 1343 1112 ex
1357 1028 1491 1116 Radio
1513 1035 1580 1117 BE
1604 1060 1746 1148 aequn-

363 1151 481 1235 lisest
495 1147 710 1266 quadranti
725 1175 776 1230 ex
796 1145 941 1230 Radio.
968 1146 1079 1240 Am·
1091 1147 1217 1255 igitur
1228 1146 1428 1260 quadrans
1442 1150 1474 1230 E
1488 1150 1530 1232 O
1548 1147 1605 1234 sad
1623 1144 1747 1233 semi-

365 1265 632 1382 quadrantem
644 1291 696 1346 ex
710 1262 844 1346 Radio
860 1265 943 1346 BN
956 1259 1019 1344 est
1030 1267 1179 1374 paritet
1192 1289 1237 1344 ut
1253 1293 1266 1344 1
1282 1297 1361 1348 200
1379 1264 1430 1348 ad
1444 1295 1521 1371 431
1538 1301 1547 1348 ε
1562 1269 1647 1380 Qui
1662 1269 1744 1378 igi-

364 1411 431 1466 tur
444 1377 623 1464 affrillus
635 1385 719 1462 axis
734 1403 937 1494 campane
952 1407 1046 1462 cum
1057 1375 1189 1463 fulcro
1201 1376 1330 1464 stabili
1345 1387 1387 1466 &
1402 1410 1502 1464 cavo
1512 1377 1750 1482 essetnuo„

299 1559 314 1590 .
364 1497 504 1582 rotulae
522 1500 661 1580 Bcum
674 1491 743 1577 suo
757 1523 832 1578 axe
844 1493 992 1598 est431
1011 1555 1023 1591 ,
1042 1497 1110 1576 cui
1122 1492 1356 1608 equalisest
1371 1494 1533 1598 alterius
1548 1496 1685 1582 rotulae
1704 1501 1747 1586 C

363 1610 652 1698 afftiduscum
668 1608 737 1694 suo
751 1640 826 1694 axe
837 1640 907 1704 jac
925 1611 1097 1725 proinde
1110 1606 1294 1724 subjeslis
1306 1612 1460 1712 rotulis,
1504 1641 1646 1698 uarum
1656 1615 1745 1700 dia-

365 1758 494 1817 meter
506 1730 553 1811 s1t
565 1756 724 1810 tantum
736 1724 861 1840 dupla
877 1727 1064 1812 diametri
1076 1730 1160 1810 axis
1179 1756 1406 1842 campumt,
1427 1643 1608 1822 afllidus
1625 1729 1748 1814 estut

234 1877 240 1890 ’
301 1837 308 1854 ’
370 1857 476 1944 862,
500 1846 554 1930 ad
573 1837 777 1928 affristum
790 1847 861 1957 qui
874 1836 972 1926 effet
987 1869 1170 1930 uttzoo.
1201 1849 1241 1926 Si
1257 1849 1397 1958 itaque
1415 1845 1635 1930 notularum
1651 1847 1741 1930 dia·

365 1989 495 2047 meter
518 1949 571 2044 nd
594 1989 797 2074 campanae
826 1989 944 2044 axem
968 1987 1052 2042 non
1068 1957 1227 2042 tantum
1243 1961 1367 2074 dupla
1383 1991 1401 2060 ·,
1429 1957 1581 2046 sedvel
1603 1963 1748 2077 tripla,

366 2077 433 2164 vel
447 2075 672 2192 quadrupla
687 2075 753 2174 stt,
771 2070 905 2160 multi>
922 2077 1143 2158 minoretit
1161 2069 1358 2176 alffinus,
1371 2081 1582 2193 majorque
1595 2083 1638 2164 in
1653 2082 1742 2190 agi·

367 2191 490 2278 tandi
506 2191 700 2306 campand
715 2191 896 2278 facilitas,

427 2315 627 2422 Qamvis
642 2335 779 2394 autem
789 2305 863 2392 istd
876 2304 1127 2392 confimilive
1137 2305 1350 2420 diligentid
1364 2303 1644 2423 industridque
1656 2306 1747 2424 plu-

366 2433 516 2512 rimum
531 2425 716 2510 imminui
734 2424 848 2538 pollit
867 2424 1155 2540 particularum
1175 2423 1412 2538 condidus,
1425 2422 1566 2539 quaese
1580 2427 1748 2510 vicissim

366 2569 543 2628 terentes
555 2571 709 2626 moram
716 2569 840 2656 atque
853 2540 1190 2654 impedimentum
1205 2545 1337 2624 motui
1351 2541 1548 2626 inferrent
1558 2571 1664 2635 enon
1678 2541 1745 2626 illa

367 2686 505 2744 tamen
528 2688 579 2742 ex
599 2687 650 2740 eo
668 2651 1024 2772 proprieuere'que
1037 2657 1328 2746 dicitutmotio
1343 2658 1582 2742 machinalis
1595 2719 1612 2755 ,.
1627 2653 1748 2772 qudd

245 2859 248 2865 ,
367 2774 637 2860 instrumento
652 2801 774 2886 atque
795 2797 990 2888 apparatu
1007 2770 1145 2892 aliquo
1170 2771 1402 2886 perficiatur
1423 2773 1554 2871 suist,
1570 2770 1746 2885 spellati*

238 2945 242 2954 .
367 2895 579 2978 dumtaxat
591 2893 723 2972 oneris
735 2893 1144 3004 gravitate‚potentia
1156 2887 1214 2972 illi
1227 2888 1431 2972 movendo
1441 2893 1659 3002 caetetoqui
1671 2895 1745 2975 im·

366 3035 460 3123 par,
476 3005 692 3091 subsidium
704 3005 775 3088 fibi
791 3032 997 3118 comparet
1010 3023 1062 3088 ex
1073 3001 1276 3087 machiml.
1301 3004 1501 3088 Machina
1511 3035 1646 3090 autem
1659 3035 1746 3090 non

366 3125 478 3208 idem
497 3121 583 3219 est,
601 3118 765 3234 stplend
785 3148 908 3235 atque
927 3118 1106 3234 perstet&
1134 3123 1387 3234 interpretati
1399 3120 1520 3220 velit,
1539 3120 1747 3216 acjnsttu-

367 3269 555 3326 mentum
564 3271 576 3331 5
589 3237 689 3322 licet
701 3240 812 3320 enim
823 3237 1014 3320 machina
1029 3239 1161 3320 omnis
1175 3235 1488 3320 instrumentum
1504 3238 1572 3336 fit,
1590 3268 1673 3322 non
1686 3265 1746 3320 ta-

368 3385 466 3440 men
485 3353 799 3440 instrumentum
818 3349 1032 3466 quodlibet
1048 3351 1250 3435 machina:
1268 3351 1515 3436 vocabulum
1542 3349 1748 3441 continud

368 3470 554 3570 sortitur,
572 3470 599 3552 st
616 3473 842 3554 motionem
855 3464 1110 3582 aliquatenus
1123 3471 1240 3581 juvet
1252 3501 1263 3561 ⁵
1276 3464 1343 3552 sed
1357 3465 1458 3554 illud
1473 3465 1664 3584 praetered
1684 3468 1745 3556 ef-

370 3589 482 3674 ficiat
497 3585 656 3672 necell'e
667 3583 748 3684 est,
766 3583 879 3700 quod
895 3589 982 3699 ejus
994 3582 1365 3700 opemturalemac
1382 3584 1540 3670 infitam
1554 3591 1638 3671 vim
1656 3617 1745 3670 cor-

151 3792 156 3802 ,
233 3745 245 3794 t
368 3707 479 3822 poris
495 3701 587 3787 loco
607 3701 844 3788 dimovendi
865 3695 1024 3816 superet
1046 3703 1108 3784 vis
1131 3704 1266 3784 minor
1284 3697 1531 3788 extrinsecus
1549 3701 1749 3790 adhibita.

369 3823 483 3908 Cum
494 3813 597 3930 ergd
610 3845 713 3902 onus
725 3817 879 3900 haerere
889 3820 934 3898 in
949 3813 1112 3915 salebrd,
1125 3846 1209 3902 non
1219 3847 1269 3902 ex
1280 3815 1397 3901 infitd
1410 3821 1464 3918 vi,
1476 3813 1602 3904 sedex
1615 3824 1746 3932 proxi·

368 3942 425 4020 mi
455 3939 579 4020 etiam
596 3962 720 4048 utque
743 3935 992 4018 continentis
1015 3937 1191 4048 corporis
1212 3929 1423 4046 asperitate
1443 3940 1681 4049 proveniat,
1701 3945 1749 4022 &

367 4046 817 4162 instrumenta‚quibus
828 4048 911 4133 hoc
922 4049 1212 4135 tantummodo·
1225 4045 1566 4162 impedimentum
1577 4049 1750 4150 tollitur,

347 4186 350 4192 ’
368 4169 480 4266 idem
492 4165 816 4282 planeefficiant,
825 4165 937 4281 quod
947 4167 1269 4279 pinguishumor
1279 4163 1483 4252 lubricum
1493 4197 1635 4282 parans
1646 4170 1723 4251 iter
1729 4202 1749 4263 5

367 4311 504 4401 neque
520 4285 608 4369 haec
623 4281 823 4370 machinae
835 4285 964 4393 magis
974 4282 1057 4365 dici
1066 4279 1241 4397 possunt,
1253 4278 1377 4397 quim
1387 4311 1582 4368 temones
1596 4288 1745 4396 ungui·

368 4429 422 4486 ne
435 4395 608 4494 delibuti
621 4465 632 4502 ‚
647 4401 676 4486 st
690 4401 767 4486 rite
782 4396 1086 4482 substernantur
1096 4461 1111 4496 ,i
1121 4429 1256 4514 neque
1266 4425 1630 4514 motuspropterea
1639 4405 1748 4484 inter

369 4510 618 4632 maclu'nales
633 4515 906 4602 numerandus
922 4513 1106 4614 videtur,
1126 4545 1300 4630 quorum
1315 4511 1384 4600 hle
1403 4515 1750 4630 causasvestigare·

368 4631 489 4721 nobis
498 4635 747 4749 propofitum
757 4631 830 4724 est.
858 4631 1368 4750 Qanquaunegandun
1379 4663 1469 4726 non
1478 4635 1528 4723 fit
1536 4634 1629 4726 haec
1642 4635 1749 4751 pari·

1685 4775 1753 4842 tet
