3818 5264
495 227 1330 390 niberfiecundus.cirur111.f
1385 285 1415 310 ··
1477 281 1587 388 145

204 403 339 503 ciunt,
352 397 656 495 distrahunturr
669 425 796 516 quare
809 395 898 484 turn
911 427 1001 514 quae
1015 429 1123 496 rarat,
1138 395 1469 518 tumquttdcnse
1482 405 1598 494 fastu

202 515 325 616 sunt,
339 519 440 603 dum
454 523 537 602 vim
551 510 664 601 illico
677 512 837 630 proruis
846 542 1038 600 excutere
1052 545 1257 601 conantur
1270 577 1282 615 ,
1295 515 1537 634 conspirant,
1549 551 1595 609 uc

204 634 423 752 pristinam
454 632 576 720 hastae
596 632 881 728 rectitudinem
896 630 1145 716 moliantur:
1172 635 1300 750 Qod
1325 633 1354 718 st
1374 637 1417 720 id
1438 665 1522 721 non
1540 637 1594 723 li-

202 753 372 847 ouerit,
391 751 455 836 lrae
474 750 643 864 quidem
663 746 784 832 aliam
800 775 852 831 err
871 747 1069 860 angustiis
1084 749 1286 834 evadendi
1304 809 1316 849 ,
1335 747 1418 864 qui
1438 750 1596 840 facilior

204 891 323 984 patet
334 869 425 964 via,
441 867 639 949 rationem
658 889 845 960 tentant,
862 865 918 947 ita
932 889 979 946 ut
995 863 1167 950 demlun
1185 862 1446 952 firbnnffinns
1459 871 1504 952 in
1520 899 1597 954 nr·

203 1009 281 1098 gas
295 976 547 1096 crispentur,
564 977 640 1066 ille
654 973 756 1065 vero
771 977 850 1062 sest
862 979 915 1064 ad
935 977 1167 1094 angustiora
1190 977 1313 1096 spatia
1327 977 1470 1069 sensim
1486 989 1592 1071 reci·

204 1101 370 1214 pientes
383 1122 575 1182 mutuum
598 1121 752 1180 nexum
777 1090 960 1212 nlvunt,
980 1095 1305 1212 tenuilllmosque
1332 1125 1451 1214 poros
1468 1098 1590 1186 relin-

207 1239 459 1331 quunt,aut
484 1213 513 1296 i
530 1217 601 1329 qni
617 1211 730 1326 prilts
751 1213 952 1323 interjecti
974 1209 1153 1311 suerint,
1173 1209 1345 1326 amplius
1362 1215 1477 1302 hiare
1500 1243 1596 1334 per-

206 1332 390 1412 mitttmt.
433 1330 482 1414 Id
496 1331 609 1445 quod
627 1325 699 1412 ubi
712 1329 797 1440 J‘atn'
815 1329 1059 1438 contigerit,
1075 1320 1222 1413 srustrtl
1244 1325 1483 1434 submoves,
1501 1359 1594 1448 quae

200 1445 448 1529 *admoverat
471 1446 764 1562 impedimenta
778 1475 790 1535 ς
805 1449 851 1526 nt
879 1437 1022 1556 sponti
1040 1469 1297 1528 curvaturam
1313 1443 1428 1532 hasta
1450 1443 1593 1548 serrat,

210 1557 285 1644 nis
315 1557 421 1646 sorti
446 1559 653 1676 particulis
672 1553 862 1642 omnibus
882 1556 1021 1642 adhuc
1041 1587 1115 1674 per
1139 1585 1300 1674 tempus
1328 1589 1412 1646 non
1430 1559 1593 1648 licuerit
1619 1635 1626 1653 .

210 1679 295 1759 rim
310 1699 666 1768 totamexcuterer
682 1703 782 1758 tunc
793 1674 906 1757 enirn
918 1669 956 1756 se
969 1669 1008 1756 s:
1020 1671 1252 1785 languidius
1266 1673 1504 1775 restituunt,
1515 1707 1593 1794 pro

207 1794 368 1876 ratione
383 1789 773 1907 rdiquae-violentiae.
787 1789 917 1870 'Hinc
937 1815 1053 1900 patet
1070 1819 1235 1890 arcum,
1255 1787 1342 1906 qui>
1357 1790 1481 1876 suerit
1493 1821 1592 1878 con*

207 1931 486 2026 centusatque
499 1909 697 1994 addudlus
710 1901 1017 2002 venementius,
1032 1910 1181 1990 remitti
1195 1906 1439 2022 aliquando,
1455 1917 1496 1995 &
1507 1937 1594 1994 ma·

209 2019 398 2108 nualium
416 2047 709 2110 tormentorum
734 2049 837 2107 rotas
862 2020 1069 2106 interdum
1086 2021 1210 2108 laxari
1229 2047 1438 2140 oportere,
1459 2053 1512 2111 ne
1531 2025 1592 2111 vis

201 2135 371 2224 clastica
384 2137 615 2253 languidior
631 2137 734 2230 fana
751 2133 884 2224 minus
900 2135 1009 2218 utilis
1028 2135 1109 2221 fiat.

264 2255 329 2338 Ex
343 2253 408 2339 iris
418 2259 546 2369 igitur
559 2247 684 2370 paulo
696 2249 952 2338 enucleatius
968 2250 1197 2368 explicatis,
1213 2254 1255 2334 in
1269 2251 1418 2366 quibus
1432 2249 1593 2370 longio-

17 2421 21 2438 ·
207 2397 254 2454 re
272 2377 465 2485 temporis
488 2367 607 2457 fluxu
626 2399 784 2455 motura
808 2363 986 2484 aliquem
997 2369 1257 2453 tardisiimurn
1271 2365 1589 2480 contigisse,at-

203 2511 290 2689 pue
305 2481 413 2578 adei
430 2491 554 2572 etiarn
565 2490 857 2603 impetunjam
872 2509 959 2568 turn
976 2481 1030 2568 ab
1048 2486 1168 2568 initio
1194 2481 1327 2568 statim·
1350 2479 1467 2570 suilse
1494 2513 1592 2602 pro-

236 2603 378 2686 utrum
396 2600 580 2702 constat,
595 2595 1310 2718 conjeiiumtninreliquiscapio,&
1324 2597 1375 2684 ab
1393 2606 1442 2684 iis
1464 2607 1592 2717 irnpe-
1731 2651 1757 2670 ω

201 2744 297 2802 tum
311 2721 477 2834 concipi
490 2717 646 2818 statuo,
663 2747 753 2834 quae
768 2745 839 2802 aur
853 2697 947 2798 loco
963 2712 1141 2806 ,naturali
1153 2715 1334 2814 dimota,
1348 2741 1423 2800 aut
1442 2719 1594 2802 incon·

200 2857 354 2946 gruam
420 2837 542 2920 rtiurn
558 2833 799 2952 positionem
812 2833 928 2917 naua
939 2830 982 2914 id
995 2855 1207 2944 repetunt,
1220 2833 1333 2946 quod
1347 2835 1590 2917 naturaexi-

203 2953 281 3062 git
327 2861 471 3036 igtur
488 2977 625 3036 autem
646 2979 732 3034 non
747 2977 821 3066 pro
843 2939 1018 3064 impetus
1039 2971 1231 3048 tantum,
1260 2943 1327 3034 sed
1358 2954 1403 3046 ot
1429 2975 1504 3062 pro
1523 2975 1590 3034 re·

204 3061 396 3154 sistentia
412 3060 822 3182 modoconseqnitur.
1044 3119 1048 3130 ·

619 3447 986 3563 CAPUT
1062 3451 1172 3562 111.

285 3697 423 3860 Qc'i
443 3701 806 3855 rationestmrl
824 3735 1084 3861 conceptus
1102 3667 1504 3864 impetmpereat.

93 3991 96 4000 ’
201 3977 361 4202 UT
381 3976 558 4100 impetiar
579 3995 748 4080 natura,
774 4007 900 4097 quarn
915 3983 1181 4098 inquirimus,
1206 3975 1448 4098 explicatius
1461 3905 1587 4098 atque

312 4093 543 4206 distinciitls
554 4095 780 4186 innotescat
793 4157 806 4197 ,
817 4127 870 4184 ex
883 4127 967 4214 quo
979 4101 1151 4212 pariter,
1169 4123 1264 4215 quae·
1274 4125 1441 4212 corpora
1455 4158 1467 4195 ,
1481 4096 1586 4212 qui·

203 4241 261 4299 ve
283 4218 439 4300 ratione
458 4275 470 4314 ,
490 4219 690 4332 impetum
715 4209 932 4330 respuant,
957 4213 1262 4330 intelligamus,
1292 4211 1362 4296 hic
1383 4210 1500 4296 nobis
1527 4211 1589 4298 est

202 4325 527 4442 vestigandum,
557 4330 640 4446 qui
667 4333 823 4415 ratione
847 4357 1095 4443 conceptum
1120 4327 1241 4415 semel
1263 4329 1462 4443 impeturn
1484 4325 1588 4441 abji-

198 4445 318 4532 ciant
341 4481 352 4526 ε
374 4445 475 4532 hinc
491 4451 685 4534 nimirum
704 4449 750 4529 in
768 4443 999 4530 uberiorem
1018 4444 1138 4561 ipsius
1153 4440 1383 4530 resrstentiae
1397 4446 1586 4530 notitiam

199 4565 416 4646 venientes
444 4565 498 4651 ad
517 4561 803 4684 explicandam
828 4555 964 4651 motits
983 4558 1226 4652 machinalis
1240 4555 1402 4648 cauum
1422 4557 1586 4676 propius

197 4675 458 4768 accedemus.
1140 4725 1154 4734 κ
1236 4737 1297 4881 T.
1447 4749 1450 4755 .
