3780 5270
426 225 579 340 Liber
599 235 826 386 quintus.
864 231 1078 344 CAruT
1114 237 1255 343 Vll.
1421 239 1493 380 56
1503 279 1522 378 3

149 417 268 476 anum
295 388 402 474 mola
428 393 785 503 circumageretur.
837 389 898 474 At
928 387 1183 498 {labellorum
1210 388 1383 478 latitudo
1415 385 1558 511 juxta'

150 503 255 593 Axis
280 506 583 618 longitudinem
601 512 647 590 in
673 503 852 612 ejusdem
879 500 1065 620 supremo
1090 511 1224 622 capite
1242 533 1356 594 extra
1380 515 1534 601 tetrum
1611 527 1615 534 '

146 621 392 709 collocanda
417 615 539 720 effer,
566 650 612 706 ut
639 619 882 728 incurrentis
903 619 1018 705 venti
1043 620 1259 737 impulsum
1281 627 1532 742 exciperent,

146 737 325 854 perinde
344 763 467 850 atque
488 737 652 822 fluentis
679 765 791 853 aque
810 733 1011 851 impetum
1031 742 1235 854 recipiunt
1258 737 1443 854 palmulae
1468 773 1532 828 ro-

148 881 299 938 tarum.
342 853 422 939 Sed
443 855 638 968 quoniam
662 851 781 968 plana
807 851 967 938 flabella
991 851 1180 968 paritura
1210 881 1250 938 ta
1273 856 1533 974 videnturad

143 966 459 1056 conversionem
487 969 839 1068 continuandam,
871 971 967 1082 quia
997 1028 1009 1068 ,
1042 999 1130 1084 quae
1176 996 1252 1054 unt
1281 965 1315 1052 al.
1333 967 1532 1058 diametro

147 1083 362 1201 oppofita,
384 1083 550 1170 demiun
571 1089 684 1168 venti
707 1082 860 1168 viribus
877 1111 1181 1198 exponerentur
1197 1078 1432 1198 aequaliter,
1453 1117 1539 1173 nee

144 1201 366 1286 dexterum
385 1195 666 1316 potiusquam
693 1198 895 1284 sinistrum
917 1197 1211 1312 impellendum
1236 1195 1334 1284 effer
1360 1261 1372 1299 ,
1400 1201 1529 1290 aded.

144 1354 147 1368 ·
183 1345 236 1400 ue
267 1310 432 1400 ceffaret
460 1314 704 1407 converfi05
735 1341 948 1428 propterea
974 1311 1133 1408 flabella
1169 1313 1440 1402 construenda
1467 1316 1529 1405 es-

144 1345 241 1520 lent
259 1432 423 1518 modice
450 1429 620 1514 incurva
639 1463 651 1524 ς
672 1429 751 1514 hae
776 1433 889 1514 enim
914 1427 1070 1514 ratione
1094 1430 1245 1530 ficret,
1277 1458 1323 1514 ut
1351 1433 1536 1549 opposita

141 1538 405 1663 -inaequali't‘er
427 1573 701 1658 urgerentur,
738 1544 944 1630 &dextri
980 1546 1146 1661 quidem
1178 1575 1439 1648 convexam,
1473 1543 1527 1636 fi-

152 1663 268 1750 nistri
289 1659 389 1747 verd
417 1691 558 1747 cavam
586 1661 738 1746 faciem
759 1687 905 1744 ventus
928 1666 1141 1774 impeteret
1170 1660 1436 1773 inequalibus
1468 1667 1531 1750 vi·

152 1780 304 1876 ribus,
335 1776 434 1863 illud
460 1775 611 1861 scilicet
643 1771 755 1890 quafi
789 1773 828 1862 se
859 1772 1049 1862 subducit
1083 1801 1349 1874 vento,1nec
1380 1779 1530 1864 admo.

133 1897 257 1982 *dum
278 1896 368 2004 ejus
381 1891 572 2010 impulsui
586 1887 808 2008 opponitur
826 1895 1057 1976 extremitas
1075 1887 1192 2006 juxti
1203 1891 1316 2006 venti
1337 1893 1529 1978 diredio-

152 2037 250 2125 nem
280 2009 473 2107 inflexas
505 2009 590 2095 h'uc
617 2035 754 2097 autem
787 2035 888 2090 cavo
913 2005 1002 2089 finu
1023 2034 1194 2104 ventum
1226 2012 1432 2123 excipiens
1464 2037 1529 2094 to-

152 2157 243 2214 tum
266 2131 363 2242 ejus
378 2122 594 2240 impulsum
618 2121 774 2237 recipit.
827 2119 948 2206 Adde
976 2123 1089 2236 quod
1115 2124 1229 2206 uenti
1257 2123 1532 2238 particulam
1590 2129 1593 2134 ’

150 2247 237 2332 duo
261 2239 628 2358 proximaflabella
651 2244 860 2323 incurrens
883 2232 1110 2322 &convexi
1135 2237 1255 2322 unius
1280 2237 1382 2324 facie
1402 2245 1443 2324 in
1465 2271 1530 2326 ca-

149 2387 247 2448 vam
282 2355 456 2473 proximi
495 2355 644 2441 faciem
679 2353 899 2438 reflectitur
932 2411 943 2446 ,
988 2361 1029 2438 ὃ(
1068 2377 1192 2468 auget
1232 2353 1529 2468 impulfionern:
1567 2363 1570 2370 ’

151 2473 282 2594 Qod
308 2473 337 2558 fi
364 2470 562 2590 placuerit
590 2499 675 2554 non
704 2496 911 2585 quatuor,
946 2461 1014 2551 sed
1044 2473 1227 2583 quinque
1261 2464 1419 2558 flabella
1449 2469 1528 2570 staff

151 2617 302 2687 tuere,
330 2617 384 2673 ne
413 2616 594 2704 unquam
616 2587 700 2672 duo
728 2615 778 2668 ex
808 2581 1006 2666 diametro
1028 2610 1315 2700 opponantur,
1344 2587 1530 2693 nodab.

118 2775 122 2786 .
152 2735 251 2792 nuo.
300 2705 407 2792 Illud
441 2732 597 2788 certum
629 2696 951 2805 est‘lrujusmodi
989 2697 1244 2784 {labellorum
1272 2697 1359 2786 tiam
1394 2701 1530 2813 longi·

152 2823 374 2922 tudinem,
410 2819 499 2908 tiam
540 2811 1053 2927 latitudinem'plurinr'lrin
1090 2817 1231 2927 juvare
1258 2875 1269 2911 ‚
1295 2845 1378 2929 quo
1414 2821 1526 2904 enirn

151 2937 348 3051 ampliora
375 2933 495 3031 sunt,
525 2935 615 3050 plus
641 2935 752 3017 venti
777 2933 1021 3041 excipiunt,
1053 2940 1095 3016 δι
1124 2925 1209 3044 qud
1237 2928 1451 3044 longiora,
1481 2961 1527 3016 ut
1624 2977 1629 2982 ·

154 3081 252 3172 pote
280 3051 304 3136 l
326 3050 460 3136 modis
488 3077 630 3134 centro
656 3045 785 3159 magis
812 3042 1021 3150 sejuncta,
1044 3044 1133 3158 plus
1159 3043 1314 3129 habent
1339 3075 1527 3132 momen·

108 3243 113 3250 .
155 3175 202 3254 ti.
250 3168 472 3287 Qomodo
500 3193 637 3250 autem
662 3163 832 3257 sistenda
863 3160 909 3242 fit
936 3161 1160 3258 machina,
1186 3161 1425 3274 explicanda
1457 3191 1529 3246 aut

155 3283 436 3396 complicanda
454 3281 543 3367 vela
559 3341 570 3378 ,
596 3309 648 3364 ne
673 3307 816 3394 practer
835 3273 1032 3358 molitoris
1051 3273 1301 3358 voluntatem
1323 3285 1529 3388 agitentur

156 3397 343 3498 flabella,
370 3397 427 3482 nil
452 3397 573 3483 refert
597 3389 666 3481 hic
692 3392 875 3508 pluribus
899 3387 1129 3504 disputare,
1153 3387 1231 3473 ubi.
1246 3395 1529 3479 tantummodo

103 3578 109 3597 .
154 3523 217 3603 vis
243 3515 436 3600 movendi
473 3511 757 3597 consideratur.
808 3513 959 3618 Neque
996 3505 1123 3591 solum
1151 3506 1273 3618 hujus
1303 3504 1529 3594 molendini

155 3630 249 3716 usus
274 3627 371 3715 effet
402 3633 446 3712 in
476 3623 803 3711 comminuendis
837 3619 963 3715 tritici
990 3649 1060 3704 aut
1085 3621 1340 3730 leguminum
1368 3627 1527 3734 granu,

156 3745 226 3833 sed
248 3752 371 3830 etiam
392 3745 437 3828 in
455 3743 685 3828 attollendis
700 3769 824 3854 atque
842 3734 922 3822 alio
942 3737 1172 3822 derivandis
1189 3741 1329 3853 aquis,
1349 3765 1395 3821 ut
1414 3738 1531 3852 palus

100 3939 109 3947 .
154 3863 400 3958 effrenetur,
421 3871 463 3946 δι
482 3862 634 3962 cacteris
647 3851 907 3971 hujusmodi,
956 3881 1017 3938 uae
1046 3859 1235 3967 praelente
1256 3851 1409 3966 semper
1433 3847 1562 3952 col«,
1675 3874 1680 3882 ·

107 4036 115 4048 -
154 3979 490 4096 poremovendo,
509 4005 593 4060 non
605 3965 718 4060 certo
731 3973 904 4086 tempori
920 3883 1527 4082 ailligantur‚·quemadmodum,

155 4124 257 4212 opus
270 4093 475 4194 molendi,
496 4092 607 4214 quod
624 4119 708 4214 non
725 4081 926 4208 perpetui>
944 4113 1167 4174 exercetur.
1214 4117 1217 4125 ·

851 4606 855 4620 ’
908 4646 920 4660 ·’
977 4737 1000 4800 Ι,
1044 4663 1294 4753 nubta-t
1424 4602 1428 4614 ⁵
