3780 5270
355 195 358 198 ¹
464 221 828 386 Libersextus.
862 233 1076 352 Carus
1106 224 1209 344 IV.
1316 249 1319 258 ’
1419 233 1520 374 603
1721 255 1726 263 ·
1886 245 1887 340 l

147 427 233 484 non
246 399 425 484 incurrat
440 397 484 480 in
497 393 667 482 trabem.
710 393 884 482 Modicb
898 455 909 494 ,
925 394 1117 509 inquam,
1136 391 1334 480 inclinata
1344 387 1532 482 statuitur

150 513 258 600 trabs
274 512 348 598 ista
365 512 464 609 (nist
479 511 586 598 fortb
600 511 670 596 illa
680 511 800 598 altilis
812 509 1066 608 defodiatur,
1083 522 1127 598 α
1139 509 1295 598 circulor
1307 509 1547 596 fistucatio.

150 660 206 716 ne
222 627 440 728 solidetur,
465 655 565 712 tunc
585 631 697 714 enim
721 633 871 743 poterit
895 629 1026 738 magis
1051 621 1247 711 inclillata
1272 627 1418 724 statui)
1436 627 1534 740 quia

148 771 314 862 propter
334 743 557 829 notabilem
579 742 883 857 longitudinem
906 746 964 827 ita
981 742 1114 856 potest
1127 742 1337 840 inclinari,
1361 769 1408 826 ut
1424 741 1534 830 linea

148 861 382 946 ditastionis
393 859 446 946 ab
461 859 728 948 illius·centro
740 863 945 973 gravitatis
964 861 1085 944 dueta
1102 860 1221 946 cadat
1230 854 1337 942 intrd
1353 855 1436 956 (vel
1448 889 1535 948 ccr-

150 974 195 1062 ιὲ
210 1004 297 1060 non
313 976 535 1062 admodum
555 971 686 1072 ultral)
715 974 839 1060 bafim
863 970 1187 1074 sustentationis,
1214 1000 1337 1090 atque
1355 1001 1532 1090 perpen-

149 1090 333 1178 diculum
355 1085 380 1174 d
402 1091 557 1176 summo
574 1095 726 1176 vertice
739 1088 987 1176 descendens
1013 1101 1055 1177 δι
1072 1087 1131 1172 illi
1154 1089 1272 1174 linco
1297 1089 1534 1204 parallelum

142 1233 268 1318 ¹tanto
282 1203 384 1294 abstt
398 1203 634 1305 intervallo,
649 1206 760 1318 quod
775 1203 865 1292 satis
882 1205 930 1290 fit
941 1205 995 1290 ad
1007 1203 1251 1291 elevandum
1259 1205 1533 1320 pondus'citta

149 1321 379 1438 periculum
391 1321 606 1411 collisionis
624 1352 720 1407 cum
739 1319 874 1407 trabea
892 1325 958 1406 cui
977 1319 1160 1437 periculo
1174 1324 1334 1406 occurri
1351 1351 1437 1406 non
1452 1349 1530 1438 po-

150 1435 229 1525 test
243 1441 288 1521 in
300 1443 418 1551 tigno
432 1435 637 1536 breviore,
652 1467 736 1554 quo
750 1437 868 1523 valde
883 1436 1079 1522 inclinato
1092 1437 1147 1523 ad
1163 1437 1376 1522 vitandum
1387 1434 1531 1548 hujus-

148 1552 265 1640 modi
291 1552 520 1668 periculum
542 1551 757 1644 collisionis
781 1611 794 1652 ,
819 1551 929 1638 linea
943 1550 1178 1638 directionis
1195 1551 1247 1638 ab
1274 1557 1361 1668 ojus
1389 1581 1532 1638 centro

149 1671 357 1782 gravitatis
369 1671 517 1755 cadens
531 1666 660 1753 multo
674 1666 893 1755 notabilior
911 1669 1122 1754 recederet
1138 1664 1161 1752 d
1178 1667 1259 1754 bafi
1276 1665 1534 1756 sustentatio·-

147 1788 243 1870 nis:
268 1811 480 1899 propterca
494 1783 565 1869 ubr
584 1782 836 1870 brevioribus
859 1782 1039 1870 trabibus
1062 1783 1185 1869 fucrit
1205 1785 1435 1883 utendum,
1452 1811 1535 1870 trus
1686 1837 1689 1844 ι

50 1993 53 1998 ,
150 1900 277 1986 modo
302 1897 607 2015 superiitsdiibo
631 1903 975 2013 compinguntur,
992 1927 1040 1986 ut
1060 1898 1301 1988 seinvicem
1319 1897 1557 1986 firlcientcs‘

149 2016 296 2131 sponte
313 2014 560 2113 consistant,
587 2025 629 2102 δι
652 2013 814 2129 pondus
835 2043 920 2098 non
944 2020 1198 2129 contingant.
1243 2015 1383 2128 Capiti
1409 2019 1536 2128 igitur

151 2133 294 2216 erectae
318 2130 441 2216 trabis
456 2129 652 2244 longioris
675 2121 801 2215 altera
821 2129 1005 2215 trochlea
1025 2130 1237 2245 alligatur,
1255 2128 1379 2218 altera
1394 2135 1535 2226 oneris

151 2241 221 2331 scd
245 2247 297 2332 ad
315 2245 437 2332 trabis
463 2251 612 2364 pedem
630 2243 840 2334 orbiculus
862 2275 968 2331 unus
988 2245 1156 2332 firmiter
1181 2247 1437 2344 adnedlitur,
1463 2273 1537 2360 pct

152 2389 281 2476 quem
306 2361 417 2447 funis
439 2364 644 2448 dustanus
668 2365 786 2472 juxta
812 2359 936 2478 trabis
957 2360 1264 2475 'longitudinem
1285 2357 1536 2447 descendens

155 2476 384 2586 trajicitur,
399 2485 442 2565 δι
460 2478 512 2563 ad
524 2481 682 2592 Ergatat
691 2505 809 2572 axem
820 2476 1059 2576 adducitur,
1073 2507 1121 2562 ut
1134 2507 1188 2562 ex
1209 2477 1298 2587 ejus
1312 2473 1536 2562 revolutio-

153 2619 210 2678 ne
226 2592 336 2680 funis
352 2594 559 2678 trahatur:
578 2591 809 2677 orbiculum
822 2593 938 2680 hunc
956 2593 1090 2678 Gracci
1110 2589 1280 2692 inoeyliln
1301 2593 1436 2676 Latini
1452 2597 1535 2678 Ar-

159 2726 368 2792 temonem
386 2737 562 2808 vocant,
584 2737 636 2792 cx
650 2712 841 2795 Vitruvio
858 2706 929 2794 lib.
945 2740 995 2794 ιο
1011 2737 1099 2826 cap.
1105 2741 1140 2818 5.
1186 2707 1270 2794 Hic
1289 2735 1426 2792 tamcn
1443 2705 1539 2792 insi·

155 2850 248 2910 mus
270 2823 476 2926 orbiculus
500 2853 599 2910 cum
618 2823 724 2908 nihil
754 2829 944 2908 immutet
970 2853 1040 2907 aut
1056 2828 1251 2938 potentia
1266 2821 1537 2920 velocitatem,
1700 2889 1706 2900 .

158 2966 232 3024 aut
250 2939 440 3053 ponderis
454 2941 684 3047 tarditatem
696 2939 829 3039 ,nihil
845 2941 957 3024 addit
972 2948 1168 3025 momenti
1189 2939 1263 3056 ipss
1277 2933 1469 3056 potentia
1485 2937 1540 3026 ad

160 3083 266 3138 onus
289 3053 587 3154 attollendum,
614 3049 682 3140 sed
705 3049 801 3141 idcd
820 3052 1062 3169 potilstmlrm
1087 3055 1337 3154 adhibetur,
1363 3079 1410 3136 ut
1427 3053 1544 3142 suuis

154 3167 932 3282 ‚miumodibslirgataecircumducatun
1422 3265 1424 3287 λ

217 3289 356 3402 Qasr:
372 3291 568 3371 Potentia
585 3314 792 3396 momenta
807 3313 1109 3401 componuntur
1125 3317 1176 3370 cx
1196 3284 1414 3370 momentis
1428 3283 1536 3370 Tro·

160 3398 372 3486 chlcarum
391 3411 433 3488 bt
449 3405 630 3515 Ergataes
675 3433 734 3486 uae
760 3397 1090 3500 stinnottscant,
1117 3412 1160 3487 bc
1175 3403 1269 3484 data
1284 3402 1333 3486 stt
1344 3401 1539 3518 potentia

157 3520 287 3600 virtus
299 3517 491 3602 movendi
504 3579 516 3616 ,
531 3433 789 3604 manisestum
803 3524 879 3602 erit
893 3520 1077 3634 pondus,
1093 3518 1204 3631 quod
1217 3514 1285 3601 illa
1297 3519 1453 3633 Ergatae
1467 3547 1541 3633 ap·

149 3689 153 3696 -
189 3630 307 3716 licata
320 3661 484 3744 movere
501 3631 662 3746 poterit.
697 3637 762 3717 Sic
777 3633 804 3717 st
821 3630 1035 3718 Trochleae
1054 3632 1172 3718 binos
1184 3631 1363 3718 habeant
1376 3633 1539 3720 orbicu-

156 3661 244 3845 lbs,
260 3751 331 3862 qui
346 3747 449 3834 dant
462 3749 682 3834 Rationem
696 3749 991 3865 quadruplum,
1011 3751 1150 3835 Vestis
1162 3775 1300 3834 autem
1316 3752 1478 3861 Ergatae
1491 3747 1539 3834 fit

3 3961 5 3970 J
157 3863 213 3948 ad
236 3860 416 3974 ejusdcm
438 3863 539 3950 Axis
556 3865 894 3950 semidiametrum
919 3893 965 3948 ut
990 3895 1041 3952 ιο
1060 3865 1112 3952 ad
1134 3895 1147 3947 1
1169 3925 1182 3964 ,
1211 3865 1362 3960 Ratio,
1380 3890 1470 3980 quat
1487 3892 1539 3950 cx

160 3977 414 4094 quadrupli,
442 3989 486 4066 dt
502 3979 717 4096 vigecupld
748 3984 1037 4096 componitur„
1060 3979 1119 4065 cst
1144 3973 1467 4093 ostuagecuplas
1490 4005 1539 4064 ac

159 4094 335 4210 proinde
351 4095 534 4208 potentia
546 4124 731 4186 extremo
746 4100 866 4184 Veui
883 4096 1086 4212 applicatu-
1097 4101 1246 4214 poterit
1263 4089 1427 4180 movere
1438 4122 1541 4210 pon-

158 4211 236 4296 dus
250 4212 591 4328 ostuagecuplum
604 4213 713 4322 ejus,
728 4213 842 4331 quod
859 4212 946 4298 stul:
961 4212 1153 4298 machina
1173 4239 1336 4296 movere
1352 4211 1495 4326 potest.

218 4325 336 4410 Hinc
351 4327 379 4410 fi
394 4329 900 4441 potentiamovercvaleat
914 4328 1037 4416 libras
1053 4361 1104 4437 50
1117 4388 1130 4426 ,
1144 4329 1551 4442 huicmachinaeap'
1596 4423 1598 4426 ,

118 4507 127 4514 .
160 4439 309 4554 plicata
319 4443 501 4527 movebit
515 4445 677 4558 pondus
700 4443 769 4532 lib.
785 4478 917 4554 4000.
957 4445 1063 4532 lllud
1084 4465 1221 4527 aurem
1233 4442 1443 4539 commodi
1457 4444 1536 4528 lsa-

161 4557 420 4668 bctEtgata,
446 4561 558 4674 quod
583 4567 626 4644 in
648 4558 718 4648 illa
743 4560 1026 4650 convolvendal
1043 4565 1100 4645 uti
1119 4553 1326 4676 possumus
1344 4562 1540 4676 jumentis

161 4699 344 4766 extremo
365 4679 469 4762 secli
490 4675 698 4792 applicatis
719 4718 732 4768 a
759 4691 801 4772 dt
825 4683 1109 4798 experimento
1109 4679 1339 4882 gidicimus
1348 4673 1541 4764 trochleis

918 4871 922 4877 .
1053 4797 1094 4883 G
1167 4821 1235 4910 gg
1299 4829 1320 4878 2
