3818 5264
462 169 889 329 Lt'berstcundur.
935 179 1149 292 CAPuT
1185 183 1285 288 111.
1321 223 1323 228 ·
1432 180 1560 325 >147

179 341 419 459 Aequilitus
437 335 609 438 dicitur,
629 350 671 426 δι
686 337 880 454 posterior
895 341 1017 452 priori
1033 339 1193 424 additus
1213 337 1480 430 intensionem
1496 345 1560 430 ef·
1670 385 1672 392 v

178 461 293 546 ficit:
319 456 487 573 sapienti
499 445 593 540 sane
613 483 763 540 uaturae
780 445 970 538 instituto
977 489 988 548 3
1006 485 1103 564 nam
1116 456 1327 570 stcorpora
1343 457 1492 574 persei
1525 458 1564 546 sa

175 605 227 660 ac
245 571 318 660 suit
328 571 468 688 sponte
485 573 695 662 mota'non
714 569 988 655 accelerarent
999 605 1011 666 3
1030 567 1095 656 sed
1114 573 1304 656 naturalis
1323 601 1456 658 motus
1473 489 1569 692 pla-

177 691 236 776 ne
262 687 470 804 aequabilis
486 681 614 785 esset,
635 687 751 772 tarde
769 691 888 770 ninus
907 685 1046 770 locum
1065 684 1179 772 suum
1194 687 1538 805 consequerentur
1547 727 1563 788 3

174 834 308 922 atque
324 800 432 890 adel)
458 805 672 916 augendus
694 797 897 886 continui)
918 802 997 886 suit
1014 808 1209 920 impetus,
1228 816 1332 890 ut&
1346 835 1479 892 motus
1497 813 1563 892 in-

158 949 442 1006 ·crenrentum
457 920 771 1034 acciperetzatst
787 925 948 1008 innatus
961 900 1134 1033 ilnpetus
1152 918 1271 1004 valde
1288 917 1562 1026 intesnseffet,

176 1067 354 1152 corpora
371 1035 530 1125 nonnist
544 1036 753 1147 aegerriml:
768 1031 850 1119 alib
866 1033 1092 1134 transferri,
1110 1066 1184 1121 aut
1194 1036 1328 1120 alieno
1342 1037 1486 1124 inloto
1501 1071 1564 1124 re-

178 1159 302 1238 tineri
322 1181 396 1267 pro
408 1151 664 1249 animalium,
680 1151 911 1237 &hominis
933 1150 1105 1236 utilitate
1125 1147 1282 1266 possent
1291 1188 1303 1246 3
1320 1155 1431 1266 finge
1451 1153 1558 1238 scili-

180 1297 249 1356 eet
265 1277 405 1354 animo
419 1267 559 1352 tibiam
579 1295 692 1350 tanto
705 1271 1011 1382 impetuinnato
1025 1281 1331 1381 repugnarem
1342 1269 1563 1370 attollatur,

105 1455 110 1464 .
178 1413 339 1499 quanto
352 1389 507 1498 impetu
527 1389 571 1466 in
583 1396 674 1466 aere
683 1394 738 1467 ‘ex
757 1418 837 1474 200
855 1377 1036 1498 palllrum
1052 1385 1265 1467 altitudine
1277 1382 1563 1484 descenderem
1590 1405 1592 1410 ’

180 1529 338 1618 quanto
360 1502 398 1584 id
416 1499 491 1585 tibi
509 1493 605 1584 esset
625 1500 915 1584 incommodo?
934 1503 1074 1615 Qare
1088 1523 1435 1613 peropportunum
1454 1507 1564 1588 acci-

179 1619 265 1715 dit,
282 1645 328 1700 ut
351 1616 572 1704 vehemens
590 1645 673 1698 non
689 1610 786 1702 esset
812 1613 1059 1728 fingularum
1082 1615 1370 1730 particularum
1389 1621 1564 1732 impetus

178 1738 372 1828 innatus,
389 1737 462 1847 qui
476 1759 611 1816 tamen
628 1731 697 1815 ubi
715 1759 871 1814 motum
886 1731 1091 1828 efficeret,
1109 1729 1216 1818 nova
1227 1733 1448 1818 acceffione
1470 1729 1563 1848 pos-

182 1845 239 1932 stt
252 1853 407 1958 augeri.

240 1956 370 2083 Qod
387 1964 439 2048 ad
465 1967 666 2076 impetum
687 1969 878 2048 Innatum
897 1957 1073 2076 speltae,
1100 1992 1223 2078 quem
1246 1959 1284 2046 a*
1293 1967 1564 2074 gravitatione

181 2081 269 2197 ipsi
291 2091 333 2165 ὃ(
347 2083 533 2194 proximi
551 2107 685 2164 motus
709 2079 915 2188 exigentis
938 2110 1023 2162 non
1045 2075 1236 2193 sejungo,
1254 2085 1397 2193 utique
1419 2077 1566 2166 frustrd

181 2197 303 2292 esset,
323 2195 349 2278 fi
375 2199 487 2279 omni
515 2191 672 2309 prorsus
692 2189 843 2278 effettu
860 2221 1037 2289 careret3
1055 2197 1230 2307 impetus
1247 2222 1385 2280 autem
1404 2225 1565 2282 motum

181 2341 256 2397 aut
269 2311 418 2410 efficit,
435 2338 505 2393 aut
522 2308 659 2395 saltem
672 2314 802 2422 exigit
820 2345 829 2390 ι
846 2333 1058 2424 propterea
1072 2309 1185 2394 illum
1199 2309 1330 2396 statim
1345 2315 1475 2426 perire
1488 2344 1562 2396 au·

181 2453 323 2526 tumo,
338 2457 388 2514 ac
400 2426 524 2512 fuerit
542 2453 686 2540 corpus
700 2430 744 2506 in
762 2424 856 2509 loco
880 2422 951 2510 suo
966 2462 975 2509 :
992 2428 1039 2511 Id
1052 2427 1165 2540 quod
1178 2426 1260 2511 hoc
1280 2427 1564 2541 deprehendes

177 2547 476 2660 experimento.
524 2542 715 2626 Strobem
731 2537 888 2626 defossi.
907 2543 1037 2626 humo
1056 2541 1137 2626 alte
1157 2565 1384 2636 excavatur
1407 2541 1565 2630 situlam
1693 2561 1706 2576 ¹
1768 2540 1773 2549 ¹

136 2757 139 2769 ¹
177 2687 297 2774 aque
323 2657 510 2782 plenam,
533 2667 573 2744 ὅ(
596 2663 683 2742 noti
703 2658 920 2772 ponderis,
943 2654 1051 2742 intrlt
1070 2657 1181 2741 illam
1200 2654 1455 2772 suspendito3
1476 2659 1564 2746 tlrm

178 2803 331 2890 aquam
352 2779 395 2857 in
409 2771 591 2858 scrobem
614 2777 726 2858 tanti
742 2769 858 2886 copil
871 2775 1076 2868 derivato3
1096 2802 1142 2857 ut
1160 2772 1319 2858 situlam
1333 2771 1562 2890 usquequa-

179 2919 264 3004 que
277 2889 652 3004 circumplectatur:
667 2884 1010 2975 illicdevanescet
1027 2893 1150 2974 totius
1161 2919 1276 3004 aqua
1294 2887 1458 3006 pribsin
1469 2893 1564 2976 fitu-

179 3004 220 3090 la
234 3010 472 3122 gravitantis
486 3005 669 3120 pondus,
688 3011 789 3120 quin
802 3013 843 3088 &
859 3003 1063 3120 sttulaipsa
1075 3023 1149 3129 pro
1164 2999 1409 3118 gravitatum
1423 3003 1563 3094 secun-

179 3123 283 3210 dum
297 3121 471 3234 speciem
483 3119 800 3205 dissimilitudine
815 3119 944 3210 lev-ior
957 3119 1188 3235 apparebit,
1207 3151 1252 3204 ut
1267 3151 1317 3207 ex
1332 3113 1563 3234 Hyd'rosta·
1591 3159 1593 3166 ¹

184 3243 276 3322 titis
301 3237 470 3320 constat.
521 3239 646 3320 Periit
662 3263 761 3348 ergo
777 3241 938 3322 innatus
961 3239 1159 3352 impetus,
1177 3263 1261 3356 quo
1278 3265 1383 3354 aqua
1406 3237 1564 3341 srttdanr

184 3355 343 3471 replens
362 3349 601 3437 descensum
619 3349 872 3436 moliebatur.
1533 3432 1542 3454 ‚

241 3473 301 3554 At
314 3473 514 3582 impetum
525 3467 780 3581 Aequifitum
796 3497 881 3551 non
895 3461 1097 3552 continuo
1109 3471 1253 3580 perire,
1265 3498 1312 3552 ac
1323 3470 1375 3554 eb
1393 3499 1564 3563 ventum

182 3585 337 3682 suerit,
367 3583 439 3668 ubi
467 3579 762 3698 quiescendum
788 3577 890 3666 esset
918 3645 929 3679 ,
961 3575 1229 3672 hinc''saltetn
1264 3583 1421 3686 disces,
1451 3589 1563 3703 quod

180 3701 371 3814 ligneum
382 3697 551 3811 globum
563 3729 677 3814 aquae
691 3701 907 3814 ceteroqui
921 3702 1201 3785 mutuaturum
1215 3701 1299 3786 fiin
1322 3699 1489 3786 sublime
1502 3731 1563 3786 at-

180 3817 322 3916 tollas,
337 3826 443 3918 &esr
457 3814 525 3900 illd
537 3814 753 3900 altitudine
762 3817 909 3902 cadere
927 3816 1156 3931 permittas,
1173 3815 1278 3903 insti
1289 3827 1407 3932 aquae
1424 3813 1563 3930 super-

181 3939 321 4022 ficiem
344 3928 621 4030 descendere,
645 3963 693 4016 ac
721 3929 883 4046 penitlts
905 3936 1089 4044 immergi
1109 3934 1267 4019 videbis
1279 3969 1292 4029 5
1315 3957 1563 4048 quamquam

179 4049 322 4167 postea
335 4075 544 4160 emergat,
568 4059 610 4134 δι
635 4047 707 4134 ubi
727 4047 940 4162 aliquoties
965 4047 1277 4151 subsultavtrit,
1305 4047 1472 4134 dembm
1490 4077 1564 4164 pro

180 4171 430 4279 gravitatum
449 4195 587 4278 aquae,
606 4163 765 4277 &ligni
784 4161 1014 4282 disparitate
1030 4166 1204 4264 emersus
1219 4165 1408 4281 quiescat.
1501 4156 1562 4249 ux

180 4282 278 4384 san'e
291 4281 599 4378 immersionis
612 4281 845 4396 Atquisrtus
858 4285 1178 4399 impetusadhuc
1189 4285 1375 4378 duraret,
1386 4277 1562 4366 omniud

183 4430 270 4484 non
285 4403 555 4510 contingeret.
587 4397 741 4484 Veritm
757 4397 860 4486 nihil
878 4421 1047 4518 temper
1059 4396 1097 4484 se
1111 4398 1199 4482 satis
1214 4397 1429 4494 abstrusam
1444 4391 1565 4515 'aeqtil

129 4517 135 4528 ’
177 4521 227 4602 iu
247 4515 385 4602 lucem
398 4541 543 4598 evocat
558 4575 570 4614 ,
583 4531 633 4600 ac
651 4515 1022 4640 fuuependulontm
1037 4541 1172 4616 motus
1188 4549 1200 4611 3
1221 4515 1435 4631 plumbum
1453 4521 1566 4600 eninr

127 4735 131 4742 ,
183 4663 235 4720 ex
253 4629 1565 4756 filosuspensum,&spospondioulodimotum-,itadescendens
1658 4717 1662 4724 ,

160 4784 234 4831 ,ww
383 4835 390 4843 ,
1174 4755 1214 4836 T
1267 4789 1287 4838 2
