3834 5272
354 201 483 350 350'
713 197 715 202 ’
818 186 1243 308 Machanicrrum

359 381 455 454 eum
476 353 720 450 horizontali
743 351 853 440 lineri
874 357 953 442 BA
969 354 1141 468 angulos
1156 351 1404 440 constituere
1417 353 1470 440 ad
1486 357 1517 438 B
1532 366 1576 444 dt
1597 353 1636 440 A
1681 365 1740 477 pri

363 481 478 572 mdm
504 477 684 593 quidem!
701 471 971 571 acutissimos,
1009 471 1162 576 deinde
1189 473 1359 584 majores
1383 479 1428 556 δι
1447 473 1619 582 majores
1644 509 1658 570 3
1688 507 1734 561 ac

364 583 1085 718 proptereaTangentisadExeeffum
1095 583 1262 672 secantis
1271 583 1492 672 Rationem
1501 587 1737 705 sempermi-

364 717 439 818 nui
459 741 508 796 ex
531 705 687 827 propos.
707 739 741 812 3.
758 703 937 822 idedque
952 705 1117 790 tandem
1129 706 1184 790 ad
1196 733 1288 790 cam
1303 703 1488 792 deveniri
1506 707 1734 806 Rationem,

364 859 457 947 pue
484 857 568 912 non
593 827 641 911 stt
662 825 789 936 major
804 824 983 908 Ratione
994 821 1224 938 ponderum
1246 819 1458 936 reciproce
1474 817 1733 938 sumptorum.

367 945 484 1063 Qid
498 946 623 1060 igitur
634 945 782 1024 mirum
798 999 810 1036 ‚
840 935 1049 1024 fitandem
1066 935 1137 1020 fiat
1161 934 1302 1052 quies,
1328 935 1399 1020 ubi
1418 939 1581 1023 nonest
1598 940 1737 1026 Ratio

364 1087 466 1150 num
479 1055 727 1174 inaequalitas
743 1080 756 1138 a
774 1054 955 1148 Vicissim
963 1077 1103 1138 autem
1114 1059 1210 1167 quia
1220 1052 1450 1168 ponderum
1467 1054 1649 1140 certaest
1659 1057 1736 1142 Ra.

298 1221 302 1230 ,
364 1183 444 1274 tio;
485 1201 571 1260 etta
584 1173 642 1258 esi
653 1175 775 1254 etiam
787 1171 909 1254 Ratio
921 1169 1208 1282 Tangentisad
1226 1161 1438 1272 Excessum
1450 1165 1620 1256 secantis
1636 1180 1738 1266 certi

362 1206 569 1403 cujuRam
578 1283 740 1400 angulis
758 1287 884 1400 igitur
898 1316 950 1370 ex
964 1285 1108 1372 eadem
1123 1310 1236 1402 prop.
1242 1317 1276 1390 3.
1290 1289 1457 1370 minoris
1471 1287 1614 1402 anguli
1627 1292 1735 1374 Tan·

363 1401 466 1523 gens
479 1408 532 1496 ad
542 1399 842 1494 Excessum'suau
856 1400 1024 1488 secantis
1035 1406 1230 1517 majorem
1244 1399 1370 1488 habet
1380 1405 1735 1520 Rationemqulm

362 1525 414 1610 lit
429 1527 551 1610 Ratio
568 1522 799 1638 ponderum
814 1515 1021 1632 reciproce
1037 1515 1243 1631 :ideoque
1257 1518 1417 1632 pondua
1430 1523 1475 1604 in
1490 1522 1521 1604 E
1534 1523 1733 1607 constitu.

364 1656 452 1728 t‘um
477 1637 717 1754 positionem
731 1633 913 1748 habens,
932 1665 984 1720 ex
1002 1631 1084 1748 qud
1096 1632 1242 1747 aliquis
1260 1639 1388 1746 major
1407 1663 1541 1723 motus
1552 1637 1735 1726 deorsum

365 1751 559 1872 consequi
571 1749 725 1870 potest,
739 1750 863 1867 quam
880 1746 1098 1834 ascendant
1108 1775 1288 1835 extrema
1300 1751 1480 1871 pondera
1490 1751 1736 1857 ‚descendit²

326 1957 338 1982 χ
366 1869 581 1986 &superat
596 1897 738 1952 eorum
755 1867 1049 1954 resistentiam.¹
1074 1866 1153 1952 Sed
1170 1871 1363 1980 quoniam
1388 1863 1587 1982 suppositi
1603 1901 1735 1958 extre·-

364 1993 442 2072 mis
454 1985 701 2101 ponderibus
715 2013 841 2084 manu
853 1989 910 2069 ita
924 1981 1083 2066 elevare
1096 2011 1144 2064 ea
1154 1975 1371 2094 poll'umus,
1385 2009 1431 2066 nt
1440 1988 1601 2098 pondus
1610 1985 1734 2074 inter-

366 2105 548 2190 medium
559 2095 1135 2212 descendensfuniculumque
1158 2099 1377 2188 intendens
1396 2103 1616 2188 constituat
1636 2107 1740 2190 adn

367 2229 412 2306 &
431 2215 673 2330 tangitur,
696 2242 870 2332 quorum
882 2217 1115 2297 communis
1127 2215 1321 2326 Taugcns
1338 2216 1411 2306 EF
1428 2217 1577 2304 habeat
1589 2221 1642 2306 ad
1658 2222 1734 2306 Ex.

364 2329 516 2422 celsum
538 2329 761 2420 secantium
779 2333 864 2418 HF
876 2331 918 2416 G
944 2331 1164 2413 Rationem
1177 2335 1401 2428 minorem,
1421 2331 1546 2446 quaint
1566 2335 1615 2420 srt
1632 2337 1736 2424 reci..

395 2447 490 2534 rote
507 2451 631 2532 Ratio
646 2449 877 2561 ponderum
889 2472 1164 2530 extremorum
1179 2447 1231 2530 ad
1253 2447 1415 2558 pondus
1438 2449 1736 2558 intermedium,

363 2477 454 2650 sitis
465 2562 646 2662 constat,
663 2593 738 2648 cur
752 2561 1009 2648 illaerrtretna
1019 2562 1351 2676 praepondcrent,
1367 2562 1463 2650 clun
1477 2577 1524 2652 dt·
1539 2569 1629 2684 plus
1649 2599 1736 2684 gra.

304 2683 308 2690 ’
363 2683 500 2765 vitatis
512 2689 553 2766 δι
567 2683 718 2792 majora
732 2703 938 2766 momenta
950 2735 963 2774 ‚
975 2676 1062 2761 lroc
1074 2673 1135 2774 est
1150 2679 1459 2791 propensionem
1472 2685 1525 2768 ad
1542 2687 1737 2794 majorem

365 2823 452 2884 mot
481 2823 548 2892 m,
562 2795 786 2880 obtineant.
817 2790 1018 2906 Qramvis
1030 2797 1140 2875 enim
1154 2821 1205 2876 ex
1220 2821 1382 2921 prop.4.
1391 2791 1622 2888 differentia
1634 2806 1738 2888 inter

366 2826 479 2996 Tars
545 2938 605 2995 tes
623 2911 798 2996 duorum
809 2908 855 2992 in
876 2905 1368 3000 eodemcirculoarcuum
1381 2915 1642 3028 inaequalium
1655 2949 1738 3008 rna.

363 3017 431 3141 jor
462 3055 601 3142 emper
615 3020 928 3123 fitdifferenua,
945 3023 1154 3140 quainter
1171 3027 1409 3114 eorumdem
1419 3024 1596 3116 secantes
1612 3036 1737 3119 inter-

367 3138 482 3226 cedit
493 3174 505 3235 5
517 3145 614 3256 quia
633 3169 769 3226 tamen
780 3170 832 3228 ex
844 3169 957 3258 prop.
963 3173 1000 3248 ς,
1029 3141 1152 3238 Ratio
1165 3139 1255 3232 haec
1269 3138 1424 3254 semper
1433 3143 1479 3226 fit
1491 3150 1637 3247 minor,
1652 3145 1737 3264 qud

366 3255 509 3367 angarii
527 3285 754 3372 augentur,
769 3250 926 3346 idcircd
943 3256 972 3344 st
988 3259 1182 3368 Tangens
1202 3253 1426 3346 sudoribus
1445 3263 1608 3347 circadis
1623 3295 1736 3350 com.

366 3371 523 3471 munis,
544 3372 632 3480 fieri
645 3371 800 3494 potest,
820 3368 1085 3486 neutriusque
1104 3369 1245 3466 circuli
1264 3367 1485 3464 seoantium
1496 3373 1736 3474 differentia

368 3487 484 3572 firnul
501 3485 666 3604 sumptae
679 3493 848 3605 majores
866 3489 1042 3603 sintipsrl
1055 3490 1274 3600 Tangente
1286 3549 1299 3586 ,
1313 3487 1378 3574 vel
1392 3485 1529 3576 saltem
1544 3497 1738 3608 Tangens

367 3603 515 3692 adillas
528 3603 641 3706 srmul
659 3605 833 3722 sumptas
845 3637 936 3691 eam
945 3603 1095 3690 habeat
1107 3601 1440 3732 Rationemquae
1449 3613 1642 3704 minotfit
1653 3615 1737 3704 Ra.

365 3723 479 3806 tione
495 3719 722 3835 ponderum
738 3720 959 3838 reciproce·
1057 3803 1059 3810 ,
1426 3831 1428 3837 ¹

364 3887 369 3898 ·
414 3837 521 3921 fitur
535 3836 680 3926 veritas
689 3839 884 3952 exemplis
899 3865 994 3926 ante
1008 3835 1193 3929 omnium
1202 3841 1344 3932 oculos
1356 3842 1653 3959 posrtanullum
1663 3843 1739 3930 du·

368 3947 557 4038 bitationi
573 3951 711 4041 locum
726 3953 951 4070 relinquat,
969 3957 1064 4042 data
1083 3955 1130 4042 fit
1145 3959 1270 4046 Ratio
1281 3985 1557 4054 extremorum
1579 3961 1736 4074 ponde,

364 4095 457 4154 rum
475 4069 528 4156 ad
541 4071 700 4184 pondus
718 4067 1029 4186 intermedium,
1050 4083 1093 4160 dt
1113 4077 1341 4188 inquiratur
1355 4077 1549 4190 Tangens
1571 4071 1738 4164 stmilem
1806 4103 1810 4112 ·

365 4182 587 4270 Rationem
596 4185 751 4272 habens
767 4186 819 4274 ad
832 4183 1226 4305 utriusque'secantis
1238 4185 1453 4283 Excessum
1466 4227 1475 4275 ε
1490 4191 1739 4304 intelligatur

365 4327 504 4388 autem
528 4299 599 4393 hle
637 4300 841 4392 facilitatis
860 4304 1005 4418 grana
1029 4309 1226 4429 punitum
1263 4308 1296 4398 E
1334 4301 1513 4394 omnind.
1532 4306 1739 4422 aequaliter

364 4411 516 4508 distans
530 4415 581 4523 ab
596 4422 631 4506 A
646 4429 687 4506 δι
702 4423 800 4504 Bita
812 4481 824 4518 ,
838 4449 884 4504 ut
900 4419 1069 4536 aquales
1085 4426 1210 4506 etiam
1223 4421 1301 4506 fint
1318 4418 1542 4511 secantium
1558 4416 1737 4512 exterius

362 4531 515 4618 HF&
539 4533 631 4621 GF.
661 4535 713 4620 Et
726 4532 862 4647 primi>
879 4537 1046 4652 quidem
1058 4565 1232 4652 ponatur
1257 4623 1260 4628 ,
1299 4539 1595 4630 ndusmedium
1605 4567 1737 4654 aequa-

357 4641 577 4756 lesrngulis
593 4655 794 4740 extremis.
822 4653 893 4742 Est
908 4657 1036 4768 igitur
1055 4653 1219 4770 quesita
1296 4653 1355 4740 tio
1368 4653 1493 4774 dupla
1508 4655 1736 4858 ngeids
