3794 5270
223 40 324 53 ‚.,.-----
352 38 360 40 “
387 36 399 62 “’

7 48 212 80 W*

357 228 781 396 rnerfepumr.
829 235 1042 396 onor
1073 244 1247 356 xnr.
1373 285 1478 390 753
1580 175 1642 365 ’.

120 415 127 424 ’
172 404 240 490 Ad
262 395 600 518 perpendiculum
611 405 798 528 ,erigatur
815 399 1008 518 tignum,
1032 403 1146 522 quod
1165 409 1252 495 imo
1269 429 1396 520 puteo
1417 405 1485 500 in.

112 526 287 618 nitatur,
300 519 379 606 srve
396 516 572 604 solidiori
590 543 708 628 tigno
765 535 770 544 '

113 649 154 724 A
176 643 206 722 B
237 640 350 750 putei
370 633 560 720 lateribus
579 633 708 718 infixo

115 751 268 838 insistat
294 823 296 830 ,
322 748 482 834 brevius
547 752 710 860 tignum

117 869 250 962 CD,
285 863 343 949 ita
372 892 509 948 tamen
538 861 710 978 oblique

115 979 382 1067 constitutum
398 1041 410 1078 ,
429 1007 475 1064 ut
491 980 613 1090 hujus
631 1009 708 1064 an·

115 1096 203 1211 guli
217 1096 340 1182 latera
359 1095 464 1180 illius
484 1091 710 1208 respiciant,

116 1241 317 1329 quatenus
349 1207 516 1298 hastulae
546 1238 597 1298 ex
627 1209 711 1294 hoc

1103 781 1137 851 r„
1372 783 1377 791 ·
1501 801 1503 808 ,

115 1355 311 1414 exeuntes
350 1387 362 1422 ,
399 1326 545 1410 medio
586 1324 710 1522 iugo,
926 1315 940 1454 s
1192 1287 1195 1292 Ι
1290 1265 1294 1272 ¹
1356 1310 1392 1568 ’ἢ
1504 1267 1509 1278 ·

116 1443 289 1578 nullum·
319 1433 580 1564 re‘cipiantd
632 1439 710 1574 uix·
838 1407 907 1513 Α
1019 1488 1058 1574 c
1098 1507 1107 1530 ,

112 1565 223 1673 lesio
260 1587 375 1672 tigno
415 1561 454 1642 A
472 1562 510 1662 B‚,
533 1555 711 1670 tmpedt-

1871 1928 1878 1970 i

115 1704 315 1760 mentum.
376 1677 570 1788 Suprema
623 1699 714 1782 pars
1365 1734 1430 1775 n
1494 1715 1498 1726 ·

115 1792 224 1902 tigni
248 1791 284 1876 C
305 1793 348 1874 D
378 1785 435 1872 ira
459 1783 642 1884 secetur,
669 1813 714 1868 ut
819 1769 1453 1934 ΘΨῘ

115 1906 228 1991 circa
258 1935 378 1990 axem
400 1905 444 1988 in
474 1903 506 1986 E
541 1900 715 1986 infixum
898 1876 922 1993 ii
1071 1887 1118 1982 K
1273 1935 1281 1946 ·
1367 1874 1399 1977 d
1457 1894 1463 1908 ’

114 2015 248 2109 liberie
291 2017 434 2106 versari
488 2013 610 2132 poffit'
644 2019 713 2130 ju·
1158 2119 1159 2124 Ν

67 2233 71 2240 ,
116 2135 375 2250 gum,cujus
394 2131 716 2221 extremitatibus
806 2079 859 2194 1⁴

116 2255 288 2340 adnexae
317 2249 408 2336 sunt
440 2247 607 2334 hastulae
638 2279 714 2334 an-

118 2370 286 2458 tliarum
310 2363 492 2454 embolos
521 2363 713 2450 attollen-
825 2469 829 2478 ι

115 2515 180 2572 tes
246 2513 370 2600 atque
432 2480 715 2596 deprimentes.

117 2596 254 2688 Pauld
284 2597 390 2685 infra
414 2625 533 2684 axem
561 2599 593 2682 E
618 2626 715 2712 ape-

116 2723 249 2802 riatur
270 2715 457 2802 foramen
478 2719 508 2800 F
526 2773 538 2813 ‚
557 2718 625 2798 cui
649 2741 720 2827 pa-

116 2839 221 2918 riter
243 2827 409 2918 immitti
459 2857 552 2913 ueat
576 2829 721 2940 jugum

114 2949 294 3036 alterum
366 2859 548 3034 versatile
614 2949 724 3028 circa

117 3094 245 3152 axem
289 3065 336 3148 H
380 3060 553 3145 infixum
594 3053 720 3174 pauld

118 3177 230 3266 infrd
255 3207 418 3263 trenam
440 3173 645 3289 superiori
652 3180 722 3290 ju.
805 3204 809 3212 ·

117 3325 177 3411 go
203 3291 529 3382 subservientem.

136 3452 139 3460 ·
184 3405 316 3498 Porro
339 3403 545 3520 utriusque
562 3411 650 3521 jugi
679 3425 763 3496 non
788 3409 933 3496 eadem
960 3407 1021 3496 est
1046 3413 1181 3500 forma
1207 3451 1217 3496 ι
1246 3409 1357 3496 Nam
1384 3402 1501 3514 supe·

117 3530 206 3622 rius
227 3531 377 3642 jugum
403 3527 469 3608 axi
503 3523 744 3608 E·infixum
770 3529 925 3610 redum
947 3525 1022 3610 -est
1064 3532 1105 3614 G
1134 3535 1153 3614 1
1184 3528 1506 3628 ‚additamento

116 3649 173 3735 ad
207 3650 247 3729 K
279 3644 474 3758 nudum,
510 3648 556 3720 ut
580 3637 703 3753 paulo
727 3641 944 3756 depressius
972 3642 1019 3724 fit
1043 3644 1226 3730 foramen
1254 3647 1291 3726 K
1320 3643 1372 3727 ad
1400 3639 1510 3722 reci:

117 3759 327 3883 piendum
354 3783 501 3851 axem,
537 3751 661 3880 quim
688 3753 766 3838 sint
791 3786 886 3842 axes
911 3759 964 3842 ad
992 3759 1032 3842 G
1067 3771 1109 3848 δι
1139 3765 1190 3858 Ι,
1228 3757 1379 3874 quibus
1407 3757 1508 3862 jun-

117 3903 284 3994 guntur
311 3901 405 3958 cum
429 3871 534 3983 jugo
558 3868 726 3954 hastulae
749 3873 801 3956 ad
827 3871 1080 3960 embolorum
1099 3901 1258 3962 motum
1292 3870 1510 3991 perficien-

118 3999 230 4082 dum
258 3987 476 4074 destinate.
526 3987 584 4070 At
615 3980 715 4071 vero
740 3988 888 4100 jugum
913 3989 1080 4076 inferius
1105 4021 1190 4075 non
1209 3989 1287 4075 nisi
1313 3988 1510 4074 extremi·
1638 4052 1640 4056 .

118 4137 230 4197 tates
255 4105 360 4230 Lm
394 4113 436 4190 ὃ(
465 4105 510 4188 Ν
529 4103 571 4186 O
599 4105 724 4187 redas
751 4103 908 4204 habet,
937 4105 1305 4193 caetera'inflexum
1336 4104 1435 4203 est,
1463 4118 1509 4194 ot

119 4230 177 4314 ad
200 4221 384 4306 mediam
410 4245 668 4303 curvaturam
690 4216 818 4302 habet
853 4221 898 4304 in
924 4225 959 4312 ,Ρ
987 4220 1203 4320 foramen,
1241 4251 1325 4335 quo
1352 4218 1514 4310 innita-

118 4373 192 4428 tur
217 4341 287 4422 axi
307 4339 360 4417 'in
403 4331 446 4412 Η
482 4331 622 4416 infixo.
680 4338 890 4447 Qantam
922 4365 1059 4422 aurem
1093 4335 1174 4422 effe
1205 4365 1404 4452 oporteat·
1428 4339 1517 4422 hu-e

117 4452 302 4569 jusmodi
332 4447 598 4534 inflexionem
624 4447 674 4530 M
697 4451 727 4532 P
754 4453 824 4548 N,
857 4481 910 4538 ex
942 4453 1024 4539 hoc
1049 4451 1254 4550 definies,
1321 4453 1404 4538 uod
1437 4455 1511 4547 ubi
1585 4485 1587 4491 ’

119 4579 281 4686 jugum
308 4567 384 4652 GI
411 4562 456 4648 in
483 4560 551 4689 suo
577 4593 652 4648 axe
675 4563 893 4650 consistens
921 4567 1126 4660 horizonti
1154 4483 1389 4684 parandium
1416 4561 1521 4660 fue-¹

120 4693 208 4790 rit,
243 4685 369 4772 etiam
400 4679 599 4772 inferioris
626 4678 715 4794 jugi
747 4685 790 4770 in
818 4678 889 4770 suo
915 4713 992 4772 axe
1022 4684 1071 4774 H
1102 4680 1355 4772 consistentis
1378 4713 1517 4802 extre-3
1610 4719 1615 4726 ·

1077 4801 1269 4894 CCcco
