<?xml version="1.0" encoding="UTF-8"?>
<!DOCTYPE html PUBLIC "-//W3C//DTD XHTML 1.0 Transitional//EN"
    "http://www.w3.org/TR/xhtml1/DTD/xhtml1-transitional.dtd">
<html xmlns="http://www.w3.org/1999/xhtml" xml:lang="en" lang="en">
 <head>
  <title>
</title>
<meta http-equiv="Content-Type" content="text/html;charset=utf-8" />
  <meta name='ocr-system' content='tesseract 3.04.00' />
  <meta name='ocr-capabilities' content='ocr_page ocr_carea ocr_par ocr_line ocrx_word'/>
</head>
<body>
  <div class='ocr_page' id='page_1' title='image "./rppaulicasatipl00casagoog_0160.png"; bbox 0 0 3818 5264; ppageno 0'>
   <div class='ocr_carea' id='block_1_1' title="bbox 484 203 1541 373">
    <p class='ocr_par' dir='ltr' id='par_1_1' title="bbox 484 203 1541 373">
     <span class='ocr_line' id='line_1_1' title="bbox 484 203 1541 373; baseline 0.001 -42"><span class='ocrx_word' id='word_1_1' title='bbox 484 203 912 368; x_wconf 71' lang='lat' dir='ltr'>Liberstcundus.</span> <span class='ocrx_word' id='word_1_2' title='bbox 954 211 1165 334; x_wconf 82' lang='lat' dir='ltr'>CAPuT</span> <span class='ocrx_word' id='word_1_3' title='bbox 1192 219 1231 332; x_wconf 88' lang='lat' dir='ltr'>I.</span> <span class='ocrx_word' id='word_1_4' title='bbox 1441 265 1541 373; x_wconf 73' lang='lat'>1³5</span> 
     </span>
    </p>
   </div>
   <div class='ocr_carea' id='block_1_2' title="bbox 164 376 1538 732">
    <p class='ocr_par' dir='ltr' id='par_1_2' title="bbox 164 376 1538 732">
     <span class='ocr_line' id='line_1_2' title="bbox 219 376 1538 492; baseline 0.002 -21"><span class='ocrx_word' id='word_1_5' title='bbox 219 387 325 471; x_wconf 82' lang='lat' dir='ltr'>Haec</span> <span class='ocrx_word' id='word_1_6' title='bbox 345 377 654 466; x_wconf 71' lang='lat' dir='ltr'>stanelaborisin</span> <span class='ocrx_word' id='word_1_7' title='bbox 667 378 873 463; x_wconf 88' lang='lat' dir='ltr'>movendo</span> <span class='ocrx_word' id='word_1_8' title='bbox 887 380 1128 492; x_wconf 89' lang='lat' dir='ltr'>compendia</span> <span class='ocrx_word' id='word_1_9' title='bbox 1138 411 1190 464; x_wconf 89' lang='lat' dir='ltr'>ex</span> <span class='ocrx_word' id='word_1_10' title='bbox 1201 376 1400 482; x_wconf 76' lang='lat' dir='ltr'>desmate,</span> <span class='ocrx_word' id='word_1_11' title='bbox 1409 389 1538 478; x_wconf 79' lang='lat' dir='ltr'>velex</span> 
     </span>
     <span class='ocr_line' id='line_1_3' title="bbox 165 493 1536 612; baseline 0.002 -26"><span class='ocrx_word' id='word_1_12' title='bbox 165 499 446 586; x_wconf 81' lang='lat' dir='ltr'>antisacomare</span> <span class='ocrx_word' id='word_1_13' title='bbox 465 501 611 612; x_wconf 81' lang='lat' dir='ltr'>petita,</span> <span class='ocrx_word' id='word_1_14' title='bbox 627 493 972 609; x_wconf 85' lang='lat' dir='ltr'>quemadmodum</span> <span class='ocrx_word' id='word_1_15' title='bbox 987 504 1029 578; x_wconf 86' lang='lat'>&amp;</span> <span class='ocrx_word' id='word_1_16' title='bbox 1046 521 1117 592; x_wconf 89' lang='lat' dir='ltr'>ea,</span> <span class='ocrx_word' id='word_1_17' title='bbox 1136 525 1225 610; x_wconf 82' lang='lat' dir='ltr'>quae</span> <span class='ocrx_word' id='word_1_18' title='bbox 1241 525 1430 584; x_wconf 85' lang='lat' dir='ltr'>mutuum</span> <span class='ocrx_word' id='word_1_19' title='bbox 1445 535 1536 589; x_wconf 87' lang='lat' dir='ltr'>cor-</span> 
     </span>
     <span class='ocr_line' id='line_1_4' title="bbox 164 609 1537 732; baseline 0.004 -32"><span class='ocrx_word' id='word_1_20' title='bbox 164 647 303 732; x_wconf 86' lang='lat' dir='ltr'>porum</span> <span class='ocrx_word' id='word_1_21' title='bbox 316 619 460 697; x_wconf 88' lang='lat' dir='ltr'>tritum</span> <span class='ocrx_word' id='word_1_22' title='bbox 477 638 601 726; x_wconf 89' lang='lat' dir='ltr'>atque</span> <span class='ocrx_word' id='word_1_23' title='bbox 617 609 855 694; x_wconf 67' lang='lat' dir='ltr'>conflictum</span> <span class='ocrx_word' id='word_1_24' title='bbox 873 613 1088 706; x_wconf 88' lang='lat' dir='ltr'>minuunt,</span> <span class='ocrx_word' id='word_1_25' title='bbox 1110 639 1155 692; x_wconf 87' lang='lat' dir='ltr'>ur</span> <span class='ocrx_word' id='word_1_26' title='bbox 1170 640 1266 723; x_wconf 89' lang='lat' dir='ltr'>pote</span> <span class='ocrx_word' id='word_1_27' title='bbox 1286 613 1537 706; x_wconf 83' lang='lat' dir='ltr'>Methanico</span> 
     </span>
    </p>
   </div>
   <div class='ocr_carea' id='block_1_3' title="bbox 164 725 1706 960">
    <p class='ocr_par' dir='ltr' id='par_1_3' title="bbox 164 725 1706 960">
     <span class='ocr_line' id='line_1_5' title="bbox 164 725 1664 845; baseline 0.003 -29"><span class='ocrx_word' id='word_1_28' title='bbox 164 733 332 826; x_wconf 80' lang='lat' dir='ltr'>artificio</span> <span class='ocrx_word' id='word_1_29' title='bbox 350 728 595 824; x_wconf 85' lang='lat' dir='ltr'>constituta,</span> <span class='ocrx_word' id='word_1_30' title='bbox 613 727 886 842; x_wconf 89' lang='lat' dir='ltr'>eumdemque</span> <span class='ocrx_word' id='word_1_31' title='bbox 901 729 944 807; x_wconf 92' lang='lat' dir='ltr'>in</span> <span class='ocrx_word' id='word_1_32' title='bbox 961 725 1085 810; x_wconf 87' lang='lat' dir='ltr'>finem</span> <span class='ocrx_word' id='word_1_33' title='bbox 1094 755 1141 809; x_wconf 90' lang='lat' dir='ltr'>ac</span> <span class='ocrx_word' id='word_1_34' title='bbox 1152 730 1373 827; x_wconf 78' lang='lat' dir='ltr'>machinae,</span> <span class='ocrx_word' id='word_1_35' title='bbox 1388 735 1538 845; x_wconf 82' lang='lat' dir='ltr'>quibus</span> <span class='ocrx_word' id='word_1_36' title='bbox 1655 756 1664 774; x_wconf 91' lang='lat'>&#39;</span> 
     </span>
     <span class='ocr_line' id='line_1_6' title="bbox 164 840 1706 960; baseline 0 -27"><span class='ocrx_word' id='word_1_37' title='bbox 164 850 237 934; x_wconf 88' lang='lat' dir='ltr'>hoc</span> <span class='ocrx_word' id='word_1_38' title='bbox 256 875 411 930; x_wconf 88' lang='lat' dir='ltr'>nomeu</span> <span class='ocrx_word' id='word_1_39' title='bbox 428 845 631 960; x_wconf 68' lang='lat' dir='ltr'>praecipue</span> <span class='ocrx_word' id='word_1_40' title='bbox 647 843 860 942; x_wconf 86' lang='lat' dir='ltr'>tribuitur,</span> <span class='ocrx_word' id='word_1_41' title='bbox 882 840 1075 925; x_wconf 87' lang='lat' dir='ltr'>videlicet</span> <span class='ocrx_word' id='word_1_42' title='bbox 1091 847 1133 924; x_wconf 90' lang='lat' dir='ltr'>in</span> <span class='ocrx_word' id='word_1_43' title='bbox 1155 841 1325 927; x_wconf 77' lang='lat' dir='ltr'>infirma</span> <span class='ocrx_word' id='word_1_44' title='bbox 1344 865 1538 958; x_wconf 64' lang='lat' dir='ltr'>potentia</span> <span class='ocrx_word' id='word_1_45' title='bbox 1652 919 1657 936; x_wconf 92' lang='lat'><strong>.</strong></span> <span class='ocrx_word' id='word_1_46' title='bbox 1702 895 1706 904; x_wconf 49' lang='lat'><strong>⁴</strong></span> 
     </span>
    </p>
   </div>
   <div class='ocr_carea' id='block_1_4' title="bbox 166 955 1537 3392">
    <p class='ocr_par' dir='ltr' id='par_1_4' title="bbox 166 955 1537 3392">
     <span class='ocr_line' id='line_1_7' title="bbox 166 955 1537 1072; baseline 0.005 -26"><span class='ocrx_word' id='word_1_47' title='bbox 166 961 379 1048; x_wconf 82' lang='lat' dir='ltr'>subsidium</span> <span class='ocrx_word' id='word_1_48' title='bbox 394 963 624 1070; x_wconf 87' lang='lat' dir='ltr'>excogitata</span> <span class='ocrx_word' id='word_1_49' title='bbox 642 1019 653 1056; x_wconf 93' lang='lat'>,</span> <span class='ocrx_word' id='word_1_50' title='bbox 680 957 768 1042; x_wconf 86' lang='lat' dir='ltr'>esto</span> <span class='ocrx_word' id='word_1_51' title='bbox 790 956 868 1042; x_wconf 90' lang='lat' dir='ltr'>illis</span> <span class='ocrx_word' id='word_1_52' title='bbox 894 962 1041 1072; x_wconf 89' lang='lat' dir='ltr'>primas</span> <span class='ocrx_word' id='word_1_53' title='bbox 1058 955 1269 1056; x_wconf 88' lang='lat' dir='ltr'>deferant,</span> <span class='ocrx_word' id='word_1_54' title='bbox 1291 989 1373 1044; x_wconf 90' lang='lat' dir='ltr'>non</span> <span class='ocrx_word' id='word_1_55' title='bbox 1400 990 1537 1053; x_wconf 85' lang='lat' dir='ltr'>tamen</span> 
     </span>
     <span class='ocr_line' id='line_1_8' title="bbox 166 1069 1536 1197; baseline 0.004 -35"><span class='ocrx_word' id='word_1_56' title='bbox 166 1074 331 1162; x_wconf 70' lang='lat' dir='ltr'>omnini)</span> <span class='ocrx_word' id='word_1_57' title='bbox 361 1080 593 1189; x_wconf 81' lang='lat' dir='ltr'>rejicerem,</span> <span class='ocrx_word' id='word_1_58' title='bbox 617 1071 644 1156; x_wconf 92' lang='lat' dir='ltr'>s1</span> <span class='ocrx_word' id='word_1_59' title='bbox 660 1079 704 1158; x_wconf 91' lang='lat' dir='ltr'>in</span> <span class='ocrx_word' id='word_1_60' title='bbox 717 1075 1001 1158; x_wconf 84' lang='lat' dir='ltr'>machinarum</span> <span class='ocrx_word' id='word_1_61' title='bbox 1019 1069 1141 1157; x_wconf 90' lang='lat' dir='ltr'>censu</span> <span class='ocrx_word' id='word_1_62' title='bbox 1160 1076 1389 1190; x_wconf 87' lang='lat' dir='ltr'>prodirent,</span> <span class='ocrx_word' id='word_1_63' title='bbox 1408 1075 1536 1197; x_wconf 91' lang='lat' dir='ltr'>iisque</span> 
     </span>
     <span class='ocr_line' id='line_1_9' title="bbox 168 1186 1535 1310; baseline 0.006 -32"><span class='ocrx_word' id='word_1_64' title='bbox 168 1192 201 1278; x_wconf 91' lang='lat' dir='ltr'>se</span> <span class='ocrx_word' id='word_1_65' title='bbox 218 1219 402 1310; x_wconf 87' lang='lat' dir='ltr'>peterent</span> <span class='ocrx_word' id='word_1_66' title='bbox 413 1187 595 1276; x_wconf 88' lang='lat' dir='ltr'>adscribi.</span> <span class='ocrx_word' id='word_1_67' title='bbox 623 1190 967 1305; x_wconf 87' lang='lat' dir='ltr'>Triplicemenim</span> <span class='ocrx_word' id='word_1_68' title='bbox 975 1193 1020 1277; x_wconf 91' lang='lat' dir='ltr'>in</span> <span class='ocrx_word' id='word_1_69' title='bbox 1034 1186 1207 1304; x_wconf 88' lang='lat' dir='ltr'>speciem</span> <span class='ocrx_word' id='word_1_70' title='bbox 1219 1189 1341 1276; x_wconf 86' lang='lat' dir='ltr'>tribui</span> <span class='ocrx_word' id='word_1_71' title='bbox 1356 1191 1465 1308; x_wconf 85' lang='lat' dir='ltr'>posse</span> <span class='ocrx_word' id='word_1_72' title='bbox 1479 1203 1535 1286; x_wconf 89' lang='lat' dir='ltr'>vi·</span> 
     </span>
     <span class='ocr_line' id='line_1_10' title="bbox 166 1304 1537 1422; baseline 0.004 -28"><span class='ocrx_word' id='word_1_73' title='bbox 166 1313 279 1394; x_wconf 89' lang='lat' dir='ltr'>detur</span> <span class='ocrx_word' id='word_1_74' title='bbox 301 1304 531 1394; x_wconf 83' lang='lat' dir='ltr'>universum</span> <span class='ocrx_word' id='word_1_75' title='bbox 541 1306 825 1391; x_wconf 87' lang='lat' dir='ltr'>machinarum</span> <span class='ocrx_word' id='word_1_76' title='bbox 841 1333 997 1420; x_wconf 84' lang='lat' dir='ltr'>genus:</span> <span class='ocrx_word' id='word_1_77' title='bbox 1015 1309 1148 1390; x_wconf 88' lang='lat' dir='ltr'>Prima</span> <span class='ocrx_word' id='word_1_78' title='bbox 1167 1335 1234 1390; x_wconf 87' lang='lat' dir='ltr'>eas</span> <span class='ocrx_word' id='word_1_79' title='bbox 1254 1307 1537 1422; x_wconf 71' lang='lat' dir='ltr'>complestitur</span> 
     </span>
     <span class='ocr_line' id='line_1_11' title="bbox 166 1415 1534 1542; baseline -0.008 -30"><span class='ocrx_word' id='word_1_80' title='bbox 166 1415 369 1512; x_wconf 64' lang='lat' dir='ltr'>facultates</span> <span class='ocrx_word' id='word_1_81' title='bbox 381 1421 587 1538; x_wconf 65' lang='lat' dir='ltr'>,quarum</span> <span class='ocrx_word' id='word_1_82' title='bbox 604 1447 682 1536; x_wconf 90' lang='lat' dir='ltr'>ope</span> <span class='ocrx_word' id='word_1_83' title='bbox 703 1427 841 1508; x_wconf 86' lang='lat' dir='ltr'>motui·</span> <span class='ocrx_word' id='word_1_84' title='bbox 856 1419 1026 1508; x_wconf 74' lang='lat' dir='ltr'>facilitas</span> <span class='ocrx_word' id='word_1_85' title='bbox 1043 1419 1307 1521; x_wconf 84' lang='lat' dir='ltr'>conciliatur,</span> <span class='ocrx_word' id='word_1_86' title='bbox 1330 1453 1534 1542; x_wconf 83' lang='lat' dir='ltr'>quocum.</span> 
     </span>
     <span class='ocr_line' id='line_1_12' title="bbox 168 1537 1535 1656; baseline 0.007 -33"><span class='ocrx_word' id='word_1_87' title='bbox 168 1571 241 1656; x_wconf 89' lang='lat' dir='ltr'>que</span> <span class='ocrx_word' id='word_1_88' title='bbox 255 1540 423 1626; x_wconf 85' lang='lat' dir='ltr'>tandem</span> <span class='ocrx_word' id='word_1_89' title='bbox 437 1569 489 1622; x_wconf 87' lang='lat' dir='ltr'>ex</span> <span class='ocrx_word' id='word_1_90' title='bbox 500 1538 731 1654; x_wconf 74' lang='lat' dir='ltr'>capitestve</span> <span class='ocrx_word' id='word_1_91' title='bbox 747 1537 1031 1624; x_wconf 82' lang='lat' dir='ltr'>tantummodo</span> <span class='ocrx_word' id='word_1_92' title='bbox 1045 1565 1096 1621; x_wconf 85' lang='lat' dir='ltr'>ex</span> <span class='ocrx_word' id='word_1_93' title='bbox 1111 1537 1226 1624; x_wconf 77' lang='lat' dir='ltr'>iusrtal</span> <span class='ocrx_word' id='word_1_94' title='bbox 1241 1542 1535 1656; x_wconf 84' lang='lat' dir='ltr'>incorporibus</span> 
     </span>
     <span class='ocr_line' id='line_1_13' title="bbox 168 1649 1536 1772; baseline 0.006 -32"><span class='ocrx_word' id='word_1_95' title='bbox 168 1661 380 1772; x_wconf 77' lang='lat' dir='ltr'>grauitate,</span> <span class='ocrx_word' id='word_1_96' title='bbox 395 1653 576 1738; x_wconf 73' lang='lat' dir='ltr'>fivenon</span> <span class='ocrx_word' id='word_1_97' title='bbox 595 1681 647 1738; x_wconf 83' lang='lat' dir='ltr'>ex</span> <span class='ocrx_word' id='word_1_98' title='bbox 668 1651 716 1740; x_wconf 73' lang='lat' dir='ltr'>ed</span> <span class='ocrx_word' id='word_1_99' title='bbox 732 1655 965 1751; x_wconf 79' lang='lat' dir='ltr'>dumtaxat,</span> <span class='ocrx_word' id='word_1_100' title='bbox 987 1649 1123 1755; x_wconf 81' lang='lat' dir='ltr'>sodex</span> <span class='ocrx_word' id='word_1_101' title='bbox 1139 1655 1315 1767; x_wconf 84' lang='lat' dir='ltr'>partium</span> <span class='ocrx_word' id='word_1_102' title='bbox 1325 1653 1536 1771; x_wconf 84' lang='lat' dir='ltr'>asperitate</span> 
     </span>
     <span class='ocr_line' id='line_1_14' title="bbox 167 1766 1535 1892; baseline 0.003 -35"><span class='ocrx_word' id='word_1_103' title='bbox 167 1773 352 1858; x_wconf 89' lang='lat' dir='ltr'>movendi</span> <span class='ocrx_word' id='word_1_104' title='bbox 362 1768 577 1856; x_wconf 88' lang='lat' dir='ltr'>difficultas</span> <span class='ocrx_word' id='word_1_105' title='bbox 590 1768 816 1882; x_wconf 81' lang='lat' dir='ltr'>consurgat.</span> <span class='ocrx_word' id='word_1_106' title='bbox 862 1768 1001 1870; x_wconf 79' lang='lat' dir='ltr'>Altera</span> <span class='ocrx_word' id='word_1_107' title='bbox 1018 1766 1103 1868; x_wconf 91' lang='lat' dir='ltr'>est,</span> <span class='ocrx_word' id='word_1_108' title='bbox 1125 1797 1215 1886; x_wconf 77' lang='lat' dir='ltr'>quat</span> <span class='ocrx_word' id='word_1_109' title='bbox 1232 1798 1416 1861; x_wconf 87' lang='lat' dir='ltr'>mutuam</span> <span class='ocrx_word' id='word_1_110' title='bbox 1438 1781 1535 1892; x_wconf 87' lang='lat' dir='ltr'>qui-</span> 
     </span>
     <span class='ocr_line' id='line_1_15' title="bbox 167 1877 1536 2002; baseline -0.001 -28"><span class='ocrx_word' id='word_1_111' title='bbox 167 1893 253 1974; x_wconf 89' lang='lat' dir='ltr'>dem</span> <span class='ocrx_word' id='word_1_112' title='bbox 273 1915 490 2002; x_wconf 87' lang='lat' dir='ltr'>corporum</span> <span class='ocrx_word' id='word_1_113' title='bbox 506 1883 545 1970; x_wconf 87' lang='lat' dir='ltr'>se</span> <span class='ocrx_word' id='word_1_114' title='bbox 565 1888 850 1999; x_wconf 82' lang='lat' dir='ltr'>contingentiu</span> <span class='ocrx_word' id='word_1_115' title='bbox 873 1877 876 1898; x_wconf 70' lang='lat'><strong><em>⁴</em></strong></span> <span class='ocrx_word' id='word_1_116' title='bbox 906 1883 1211 1978; x_wconf 70' lang='lat' dir='ltr'>conflictionem</span> <span class='ocrx_word' id='word_1_117' title='bbox 1229 1890 1392 1987; x_wconf 88' lang='lat' dir='ltr'>minuit,</span> <span class='ocrx_word' id='word_1_118' title='bbox 1402 1887 1469 1976; x_wconf 89' lang='lat' dir='ltr'>sed</span> <span class='ocrx_word' id='word_1_119' title='bbox 1480 1892 1536 1979; x_wconf 86' lang='lat' dir='ltr'>ad</span> 
     </span>
     <span class='ocr_line' id='line_1_16' title="bbox 166 1911 1534 2116; baseline 0.001 -25"><span class='ocrx_word' id='word_1_120' title='bbox 166 2005 403 2092; x_wconf 79' lang='lat' dir='ltr'>vincendam</span> <span class='ocrx_word' id='word_1_121' title='bbox 413 2006 545 2086; x_wconf 85' lang='lat' dir='ltr'>oneris</span> <span class='ocrx_word' id='word_1_122' title='bbox 557 2009 796 2115; x_wconf 80' lang='lat' dir='ltr'>gravitatem</span> <span class='ocrx_word' id='word_1_123' title='bbox 808 1911 1081 2116; x_wconf 55' lang='lat' dir='ltr'>ipffpoumiae</span> <span class='ocrx_word' id='word_1_124' title='bbox 1093 2029 1302 2086; x_wconf 84' lang='lat' dir='ltr'>momenta</span> <span class='ocrx_word' id='word_1_125' title='bbox 1314 2032 1398 2088; x_wconf 90' lang='lat' dir='ltr'>non</span> <span class='ocrx_word' id='word_1_126' title='bbox 1407 2007 1534 2092; x_wconf 90' lang='lat' dir='ltr'>addit.</span> 
     </span>
     <span class='ocr_line' id='line_1_17' title="bbox 169 2112 1537 2236; baseline 0.003 -32"><span class='ocrx_word' id='word_1_127' title='bbox 169 2126 302 2206; x_wconf 88' lang='lat' dir='ltr'>Tertia</span> <span class='ocrx_word' id='word_1_128' title='bbox 322 2117 488 2206; x_wconf 75' lang='lat' dir='ltr'>demunt</span> <span class='ocrx_word' id='word_1_129' title='bbox 502 2145 669 2202; x_wconf 86' lang='lat' dir='ltr'>eatenus</span> <span class='ocrx_word' id='word_1_130' title='bbox 685 2112 834 2232; x_wconf 84' lang='lat' dir='ltr'>perse,</span> <span class='ocrx_word' id='word_1_131' title='bbox 850 2121 945 2232; x_wconf 84' lang='lat' dir='ltr'>quia</span> <span class='ocrx_word' id='word_1_132' title='bbox 960 2113 1389 2213; x_wconf 85' lang='lat' dir='ltr'>talisest,moventern</span> <span class='ocrx_word' id='word_1_133' title='bbox 1404 2125 1537 2236; x_wconf 82' lang='lat' dir='ltr'>juvat,</span> 
     </span>
     <span class='ocr_line' id='line_1_18' title="bbox 169 2232 1534 2350; baseline 0.001 -29"><span class='ocrx_word' id='word_1_134' title='bbox 169 2265 359 2350; x_wconf 87' lang='lat' dir='ltr'>quatenus</span> <span class='ocrx_word' id='word_1_135' title='bbox 372 2239 464 2348; x_wconf 84' lang='lat' dir='ltr'>ejus</span> <span class='ocrx_word' id='word_1_136' title='bbox 480 2261 644 2350; x_wconf 88' lang='lat' dir='ltr'>operam</span> <span class='ocrx_word' id='word_1_137' title='bbox 656 2233 851 2318; x_wconf 82' lang='lat' dir='ltr'>alternam</span> <span class='ocrx_word' id='word_1_138' title='bbox 865 2232 1009 2332; x_wconf 85' lang='lat' dir='ltr'>efficit,</span> <span class='ocrx_word' id='word_1_139' title='bbox 1023 2259 1118 2316; x_wconf 89' lang='lat' dir='ltr'>curn</span> <span class='ocrx_word' id='word_1_140' title='bbox 1135 2257 1271 2317; x_wconf 90' lang='lat' dir='ltr'>tamen</span> <span class='ocrx_word' id='word_1_141' title='bbox 1284 2263 1419 2350; x_wconf 90' lang='lat' dir='ltr'>neque</span> <span class='ocrx_word' id='word_1_142' title='bbox 1438 2265 1534 2350; x_wconf 85' lang='lat' dir='ltr'>gra-</span> 
     </span>
     <span class='ocr_line' id='line_1_19' title="bbox 169 2350 1536 2476; baseline 0.003 -38"><span class='ocrx_word' id='word_1_143' title='bbox 169 2359 328 2438; x_wconf 86' lang='lat' dir='ltr'>vitatem</span> <span class='ocrx_word' id='word_1_144' title='bbox 344 2356 507 2448; x_wconf 88' lang='lat' dir='ltr'>vincar,</span> <span class='ocrx_word' id='word_1_145' title='bbox 528 2379 663 2463; x_wconf 88' lang='lat' dir='ltr'>neque</span> <span class='ocrx_word' id='word_1_146' title='bbox 680 2351 792 2464; x_wconf 89' lang='lat' dir='ltr'>quod</span> <span class='ocrx_word' id='word_1_147' title='bbox 813 2378 864 2434; x_wconf 86' lang='lat' dir='ltr'>ex</span> <span class='ocrx_word' id='word_1_148' title='bbox 879 2350 1054 2463; x_wconf 84' lang='lat' dir='ltr'>partium</span> <span class='ocrx_word' id='word_1_149' title='bbox 1074 2351 1174 2434; x_wconf 77' lang='lat' dir='ltr'>tritu</span> <span class='ocrx_word' id='word_1_150' title='bbox 1195 2350 1536 2476; x_wconf 79' lang='lat' dir='ltr'>impedimentum</span> 
     </span>
     <span class='ocr_line' id='line_1_20' title="bbox 167 2459 1534 2584; baseline 0.001 -32"><span class='ocrx_word' id='word_1_151' title='bbox 167 2459 532 2566; x_wconf 82' lang='lat' dir='ltr'>oritur,extenuet,</span> <span class='ocrx_word' id='word_1_152' title='bbox 545 2466 618 2551; x_wconf 87' lang='lat' dir='ltr'>nisr</span> <span class='ocrx_word' id='word_1_153' title='bbox 638 2475 734 2549; x_wconf 86' lang='lat' dir='ltr'>cum</span> <span class='ocrx_word' id='word_1_154' title='bbox 746 2463 958 2561; x_wconf 84' lang='lat' dir='ltr'>alterutra,</span> <span class='ocrx_word' id='word_1_155' title='bbox 972 2490 1042 2546; x_wconf 85' lang='lat' dir='ltr'>aut</span> <span class='ocrx_word' id='word_1_156' title='bbox 1058 2489 1229 2577; x_wconf 82' lang='lat' dir='ltr'>utraque</span> <span class='ocrx_word' id='word_1_157' title='bbox 1242 2469 1432 2581; x_wconf 86' lang='lat' dir='ltr'>superiori</span> <span class='ocrx_word' id='word_1_158' title='bbox 1447 2467 1534 2584; x_wconf 90' lang='lat' dir='ltr'>spe-</span> 
     </span>
     <span class='ocr_line' id='line_1_21' title="bbox 168 2578 1534 2700; baseline -0.001 -30"><span class='ocrx_word' id='word_1_159' title='bbox 168 2590 225 2670; x_wconf 85' lang='lat' dir='ltr'>cio</span> <span class='ocrx_word' id='word_1_160' title='bbox 236 2647 245 2681; x_wconf 83' lang='lat'>,</span> <span class='ocrx_word' id='word_1_161' title='bbox 257 2587 390 2670; x_wconf 87' lang='lat' dir='ltr'>amico</span> <span class='ocrx_word' id='word_1_162' title='bbox 405 2579 559 2667; x_wconf 77' lang='lat' dir='ltr'>fudere</span> <span class='ocrx_word' id='word_1_163' title='bbox 576 2579 801 2696; x_wconf 78' lang='lat' dir='ltr'>copuletur.</span> <span class='ocrx_word' id='word_1_164' title='bbox 839 2578 1197 2666; x_wconf 88' lang='lat' dir='ltr'>Alternamautem</span> <span class='ocrx_word' id='word_1_165' title='bbox 1215 2607 1379 2696; x_wconf 84' lang='lat' dir='ltr'>operam</span> <span class='ocrx_word' id='word_1_166' title='bbox 1394 2583 1534 2700; x_wconf 89' lang='lat' dir='ltr'>appel-</span> 
     </span>
     <span class='ocr_line' id='line_1_22' title="bbox 167 2693 1533 2812; baseline 0.001 -27"><span class='ocrx_word' id='word_1_167' title='bbox 167 2701 222 2802; x_wconf 92' lang='lat' dir='ltr'>lo,</span> <span class='ocrx_word' id='word_1_168' title='bbox 233 2731 325 2786; x_wconf 83' lang='lat' dir='ltr'>cum</span> <span class='ocrx_word' id='word_1_169' title='bbox 338 2704 382 2784; x_wconf 88' lang='lat' dir='ltr'>in</span> <span class='ocrx_word' id='word_1_170' title='bbox 400 2725 516 2782; x_wconf 87' lang='lat' dir='ltr'>motu</span> <span class='ocrx_word' id='word_1_171' title='bbox 527 2727 578 2784; x_wconf 87' lang='lat' dir='ltr'>ex</span> <span class='ocrx_word' id='word_1_172' title='bbox 594 2694 749 2812; x_wconf 80' lang='lat' dir='ltr'>duplici</span> <span class='ocrx_word' id='word_1_173' title='bbox 766 2697 947 2780; x_wconf 82' lang='lat' dir='ltr'>motione</span> <span class='ocrx_word' id='word_1_174' title='bbox 963 2693 1185 2810; x_wconf 86' lang='lat' dir='ltr'>composrto</span> <span class='ocrx_word' id='word_1_175' title='bbox 1195 2693 1427 2784; x_wconf 85' lang='lat' dir='ltr'>alterutram</span> <span class='ocrx_word' id='word_1_176' title='bbox 1440 2701 1533 2786; x_wconf 88' lang='lat' dir='ltr'>effi-</span> 
     </span>
     <span class='ocr_line' id='line_1_23' title="bbox 169 2807 1534 2932; baseline 0 -31"><span class='ocrx_word' id='word_1_177' title='bbox 169 2822 217 2901; x_wconf 92' lang='lat' dir='ltr'>cit</span> <span class='ocrx_word' id='word_1_178' title='bbox 234 2817 437 2932; x_wconf 87' lang='lat' dir='ltr'>potentia,</span> <span class='ocrx_word' id='word_1_179' title='bbox 458 2811 542 2900; x_wconf 72' lang='lat' dir='ltr'>srve</span> <span class='ocrx_word' id='word_1_180' title='bbox 560 2812 638 2897; x_wconf 81' lang='lat' dir='ltr'>illae</span> <span class='ocrx_word' id='word_1_181' title='bbox 655 2811 728 2896; x_wconf 86' lang='lat' dir='ltr'>srbi</span> <span class='ocrx_word' id='word_1_182' title='bbox 750 2814 930 2896; x_wconf 82' lang='lat' dir='ltr'>invicem</span> <span class='ocrx_word' id='word_1_183' title='bbox 951 2807 1207 2896; x_wconf 83' lang='lat' dir='ltr'>adversantes</span> <span class='ocrx_word' id='word_1_184' title='bbox 1222 2807 1465 2916; x_wconf 79' lang='lat' dir='ltr'>succedant,</span> <span class='ocrx_word' id='word_1_185' title='bbox 1486 2844 1534 2901; x_wconf 93' lang='lat' dir='ltr'>ut</span> 
     </span>
     <span class='ocr_line' id='line_1_24' title="bbox 170 2923 1533 3043; baseline -0.001 -26"><span class='ocrx_word' id='word_1_186' title='bbox 170 2937 266 3018; x_wconf 85' lang='lat' dir='ltr'>Arsrs</span> <span class='ocrx_word' id='word_1_187' title='bbox 279 2961 327 3016; x_wconf 87' lang='lat' dir='ltr'>ac</span> <span class='ocrx_word' id='word_1_188' title='bbox 338 2929 484 3016; x_wconf 88' lang='lat' dir='ltr'>Thesrs</span> <span class='ocrx_word' id='word_1_189' title='bbox 499 2990 509 3028; x_wconf 95' lang='lat'>,</span> <span class='ocrx_word' id='word_1_190' title='bbox 527 2929 868 3043; x_wconf 72' lang='lat' dir='ltr'>Addustioatque</span> <span class='ocrx_word' id='word_1_191' title='bbox 889 2926 1114 3025; x_wconf 79' lang='lat' dir='ltr'>Reduuio,</span> <span class='ocrx_word' id='word_1_192' title='bbox 1129 2923 1212 3012; x_wconf 73' lang='lat' dir='ltr'>srve</span> <span class='ocrx_word' id='word_1_193' title='bbox 1229 2929 1273 3014; x_wconf 90' lang='lat' dir='ltr'>in</span> <span class='ocrx_word' id='word_1_194' title='bbox 1285 2959 1409 3021; x_wconf 85' lang='lat' dir='ltr'>unam</span> <span class='ocrx_word' id='word_1_195' title='bbox 1425 2959 1533 3016; x_wconf 86' lang='lat' dir='ltr'>tem·</span> 
     </span>
     <span class='ocr_line' id='line_1_25' title="bbox 169 3039 1535 3162; baseline 0.001 -30"><span class='ocrx_word' id='word_1_196' title='bbox 169 3077 369 3162; x_wconf 90' lang='lat' dir='ltr'>perentur,</span> <span class='ocrx_word' id='word_1_197' title='bbox 388 3073 433 3130; x_wconf 89' lang='lat' dir='ltr'>ut</span> <span class='ocrx_word' id='word_1_198' title='bbox 453 3075 548 3130; x_wconf 92' lang='lat' dir='ltr'>cum</span> <span class='ocrx_word' id='word_1_199' title='bbox 568 3073 749 3161; x_wconf 89' lang='lat' dir='ltr'>premere</span> <span class='ocrx_word' id='word_1_200' title='bbox 770 3039 887 3127; x_wconf 88' lang='lat' dir='ltr'>fimul</span> <span class='ocrx_word' id='word_1_201' title='bbox 903 3069 1064 3156; x_wconf 89' lang='lat' dir='ltr'>oportet</span> <span class='ocrx_word' id='word_1_202' title='bbox 1077 3071 1125 3126; x_wconf 86' lang='lat' dir='ltr'>ac</span> <span class='ocrx_word' id='word_1_203' title='bbox 1143 3046 1321 3154; x_wconf 87' lang='lat' dir='ltr'>agitare:</span> <span class='ocrx_word' id='word_1_204' title='bbox 1345 3047 1398 3130; x_wconf 88' lang='lat' dir='ltr'>fic</span> <span class='ocrx_word' id='word_1_205' title='bbox 1413 3047 1535 3162; x_wconf 85' lang='lat' dir='ltr'>plana</span> 
     </span>
     <span class='ocr_line' id='line_1_26' title="bbox 171 3154 1529 3278; baseline -0.001 -28"><span class='ocrx_word' id='word_1_206' title='bbox 171 3169 262 3250; x_wconf 86' lang='lat' dir='ltr'>vitra</span> <span class='ocrx_word' id='word_1_207' title='bbox 274 3161 577 3278; x_wconf 83' lang='lat' dir='ltr'>expolientesin</span> <span class='ocrx_word' id='word_1_208' title='bbox 590 3157 770 3274; x_wconf 87' lang='lat' dir='ltr'>specula,</span> <span class='ocrx_word' id='word_1_209' title='bbox 784 3161 890 3243; x_wconf 90' lang='lat' dir='ltr'>inter</span> <span class='ocrx_word' id='word_1_210' title='bbox 907 3154 1009 3272; x_wconf 89' lang='lat' dir='ltr'>ipsa,</span> <span class='ocrx_word' id='word_1_211' title='bbox 1028 3167 1069 3244; x_wconf 88' lang='lat'><strong>&amp;</strong></span> <span class='ocrx_word' id='word_1_212' title='bbox 1083 3155 1250 3242; x_wconf 88' lang='lat' dir='ltr'>lacunar</span> <span class='ocrx_word' id='word_1_213' title='bbox 1260 3159 1451 3249; x_wconf 88' lang='lat' dir='ltr'>bacillum</span> <span class='ocrx_word' id='word_1_214' title='bbox 1463 3167 1529 3248; x_wconf 92' lang='lat' dir='ltr'>in-</span> 
     </span>
     <span class='ocr_line' id='line_1_27' title="bbox 171 3270 1535 3392; baseline 0 -26"><span class='ocrx_word' id='word_1_215' title='bbox 171 3279 437 3392; x_wconf 69' lang='lat' dir='ltr'>flestunt‚qui</span> <span class='ocrx_word' id='word_1_216' title='bbox 449 3274 488 3361; x_wconf 92' lang='lat' dir='ltr'>se</span> <span class='ocrx_word' id='word_1_217' title='bbox 502 3273 711 3360; x_wconf 90' lang='lat' dir='ltr'>restituere</span> <span class='ocrx_word' id='word_1_218' title='bbox 721 3301 880 3359; x_wconf 90' lang='lat' dir='ltr'>tentans</span> <span class='ocrx_word' id='word_1_219' title='bbox 897 3279 939 3358; x_wconf 92' lang='lat' dir='ltr'>vi</span> <span class='ocrx_word' id='word_1_220' title='bbox 961 3270 1366 3390; x_wconf 78' lang='lat' dir='ltr'>clastical,speculum</span> <span class='ocrx_word' id='word_1_221' title='bbox 1380 3279 1535 3375; x_wconf 70' lang='lat' dir='ltr'>valide,</span> 
     </span>
    </p>
   </div>
   <div class='ocr_carea' id='block_1_5' title="bbox 172 3387 1531 3512">
    <p class='ocr_par' dir='ltr' id='par_1_5' title="bbox 172 3387 1531 3512">
     <span class='ocr_line' id='line_1_28' title="bbox 172 3387 1531 3512; baseline 0.001 -33"><span class='ocrx_word' id='word_1_222' title='bbox 172 3425 356 3510; x_wconf 87' lang='lat' dir='ltr'>quantum</span> <span class='ocrx_word' id='word_1_223' title='bbox 372 3423 473 3508; x_wconf 89' lang='lat' dir='ltr'>opus</span> <span class='ocrx_word' id='word_1_224' title='bbox 491 3391 572 3490; x_wconf 89' lang='lat' dir='ltr'>est,</span> <span class='ocrx_word' id='word_1_225' title='bbox 586 3392 918 3504; x_wconf 83' lang='lat' dir='ltr'>admovet-atque</span> <span class='ocrx_word' id='word_1_226' title='bbox 939 3388 1114 3504; x_wconf 85' lang='lat' dir='ltr'>applicat</span> <span class='ocrx_word' id='word_1_227' title='bbox 1134 3391 1186 3475; x_wconf 86' lang='lat' dir='ltr'>ad</span> <span class='ocrx_word' id='word_1_228' title='bbox 1201 3387 1424 3502; x_wconf 71' lang='lat' dir='ltr'>subjeetum</span> <span class='ocrx_word' id='word_1_229' title='bbox 1441 3393 1531 3512; x_wconf 89' lang='lat' dir='ltr'>pla·</span> 
     </span>
    </p>
   </div>
   <div class='ocr_carea' id='block_1_6' title="bbox 171 3499 1775 3624">
    <p class='ocr_par' dir='ltr' id='par_1_6' title="bbox 171 3499 1775 3624">
     <span class='ocr_line' id='line_1_29' title="bbox 171 3499 1775 3624; baseline -0.001 -28"><span class='ocrx_word' id='word_1_230' title='bbox 171 3541 281 3610; x_wconf 90' lang='lat' dir='ltr'>num,</span> <span class='ocrx_word' id='word_1_231' title='bbox 296 3505 400 3596; x_wconf 78' lang='lat' dir='ltr'>adel&gt;</span> <span class='ocrx_word' id='word_1_232' title='bbox 418 3537 464 3591; x_wconf 90' lang='lat' dir='ltr'>ut</span> <span class='ocrx_word' id='word_1_233' title='bbox 480 3509 532 3592; x_wconf 86' lang='lat' dir='ltr'>ad</span> <span class='ocrx_word' id='word_1_234' title='bbox 543 3501 776 3591; x_wconf 74' lang='lat' dir='ltr'>artificemd</span> <span class='ocrx_word' id='word_1_235' title='bbox 792 3499 923 3622; x_wconf 79' lang='lat' dir='ltr'>preffu</span> <span class='ocrx_word' id='word_1_236' title='bbox 936 3507 1159 3592; x_wconf 87' lang='lat' dir='ltr'>immunem</span> <span class='ocrx_word' id='word_1_237' title='bbox 1169 3504 1225 3589; x_wconf 88' lang='lat' dir='ltr'>nil</span> <span class='ocrx_word' id='word_1_238' title='bbox 1241 3505 1351 3595; x_wconf 86' lang='lat' dir='ltr'>aliud</span> <span class='ocrx_word' id='word_1_239' title='bbox 1365 3509 1533 3624; x_wconf 69' lang='lat' dir='ltr'>spestet,</span> <span class='ocrx_word' id='word_1_240' title='bbox 1655 3507 1669 3524; x_wconf 83' lang='lat'><em>&#39;</em></span> <span class='ocrx_word' id='word_1_241' title='bbox 1770 3569 1775 3580; x_wconf 78' lang='lat'><em>·</em></span> 
     </span>
    </p>
   </div>
   <div class='ocr_carea' id='block_1_7' title="bbox 170 3621 1531 4089">
    <p class='ocr_par' dir='ltr' id='par_1_7' title="bbox 170 3621 1531 4089">
     <span class='ocr_line' id='line_1_30' title="bbox 171 3621 1528 3742; baseline -0.001 -30"><span class='ocrx_word' id='word_1_242' title='bbox 171 3625 283 3742; x_wconf 72' lang='lat' dir='ltr'>quim</span> <span class='ocrx_word' id='word_1_243' title='bbox 300 3623 507 3741; x_wconf 85' lang='lat' dir='ltr'>speculum</span> <span class='ocrx_word' id='word_1_244' title='bbox 523 3649 690 3736; x_wconf 84' lang='lat' dir='ltr'>urgere,</span> <span class='ocrx_word' id='word_1_245' title='bbox 705 3621 936 3718; x_wconf 89' lang='lat' dir='ltr'>retrahere,</span> <span class='ocrx_word' id='word_1_246' title='bbox 956 3649 1238 3734; x_wconf 85' lang='lat' dir='ltr'>contorquere.</span> <span class='ocrx_word' id='word_1_247' title='bbox 1285 3625 1441 3714; x_wconf 84' lang='lat' dir='ltr'>Verltrn</span> <span class='ocrx_word' id='word_1_248' title='bbox 1465 3655 1528 3711; x_wconf 88' lang='lat' dir='ltr'>ta-</span> 
     </span>
     <span class='ocr_line' id='line_1_31' title="bbox 170 3734 1530 3852; baseline 0 -24"><span class='ocrx_word' id='word_1_249' title='bbox 170 3744 271 3828; x_wconf 89' lang='lat' dir='ltr'>metsr</span> <span class='ocrx_word' id='word_1_250' title='bbox 289 3746 341 3829; x_wconf 90' lang='lat' dir='ltr'>de</span> <span class='ocrx_word' id='word_1_251' title='bbox 356 3741 422 3824; x_wconf 89' lang='lat' dir='ltr'>his</span> <span class='ocrx_word' id='word_1_252' title='bbox 434 3739 624 3824; x_wconf 91' lang='lat' dir='ltr'>omnibus</span> <span class='ocrx_word' id='word_1_253' title='bbox 643 3742 687 3822; x_wconf 90' lang='lat' dir='ltr'>in</span> <span class='ocrx_word' id='word_1_254' title='bbox 698 3738 777 3824; x_wconf 87' lang='lat' dir='ltr'>hac</span> <span class='ocrx_word' id='word_1_255' title='bbox 794 3739 990 3820; x_wconf 66' lang='lat' dir='ltr'>tratione</span> <span class='ocrx_word' id='word_1_256' title='bbox 1003 3734 1189 3852; x_wconf 84' lang='lat' dir='ltr'>palstmse</span> <span class='ocrx_word' id='word_1_257' title='bbox 1204 3737 1351 3826; x_wconf 84' lang='lat' dir='ltr'>offeret</span> <span class='ocrx_word' id='word_1_258' title='bbox 1362 3743 1530 3828; x_wconf 88' lang='lat' dir='ltr'>dicendi</span> 
     </span>
     <span class='ocr_line' id='line_1_32' title="bbox 170 3848 1531 3974; baseline -0.001 -31"><span class='ocrx_word' id='word_1_259' title='bbox 170 3859 271 3944; x_wconf 88' lang='lat' dir='ltr'>locus</span> <span class='ocrx_word' id='word_1_260' title='bbox 281 3860 456 3974; x_wconf 87' lang='lat' dir='ltr'>‚primus</span> <span class='ocrx_word' id='word_1_261' title='bbox 473 3848 901 3968; x_wconf 63' lang='lat' dir='ltr'>tameanisputationis</span> <span class='ocrx_word' id='word_1_262' title='bbox 914 3849 1056 3937; x_wconf 78' lang='lat' dir='ltr'>nostra</span> <span class='ocrx_word' id='word_1_263' title='bbox 1072 3849 1214 3970; x_wconf 89' lang='lat' dir='ltr'>scopus</span> <span class='ocrx_word' id='word_1_264' title='bbox 1228 3861 1306 3942; x_wconf 86' lang='lat' dir='ltr'>erit</span> <span class='ocrx_word' id='word_1_265' title='bbox 1316 3861 1444 3974; x_wconf 87' lang='lat' dir='ltr'>prima</span> <span class='ocrx_word' id='word_1_266' title='bbox 1459 3857 1531 3942; x_wconf 84' lang='lat' dir='ltr'>illa</span> 
     </span>
     <span class='ocr_line' id='line_1_33' title="bbox 171 3967 1530 4089; baseline -0.004 -31"><span class='ocrx_word' id='word_1_267' title='bbox 171 3969 325 4089; x_wconf 85' lang='lat' dir='ltr'>species,</span> <span class='ocrx_word' id='word_1_268' title='bbox 343 3967 435 4086; x_wconf 80' lang='lat' dir='ltr'>ipsa</span> <span class='ocrx_word' id='word_1_269' title='bbox 454 3974 645 4057; x_wconf 90' lang='lat' dir='ltr'>nimirum</span> <span class='ocrx_word' id='word_1_270' title='bbox 660 3967 892 4066; x_wconf 78' lang='lat' dir='ltr'>facultates,</span> <span class='ocrx_word' id='word_1_271' title='bbox 905 3995 1077 4084; x_wconf 90' lang='lat' dir='ltr'>quarum</span> <span class='ocrx_word' id='word_1_272' title='bbox 1088 3971 1329 4087; x_wconf 86' lang='lat' dir='ltr'>potiffimum</span> <span class='ocrx_word' id='word_1_273' title='bbox 1345 4002 1530 4062; x_wconf 61' lang='lat' dir='ltr'>momen-</span> 
     </span>
    </p>
   </div>
   <div class='ocr_carea' id='block_1_8' title="bbox 171 4081 1442 4210">
    <p class='ocr_par' dir='ltr' id='par_1_8' title="bbox 171 4081 1442 4210">
     <span class='ocr_line' id='line_1_34' title="bbox 171 4081 1442 4210; baseline -0.001 -34"><span class='ocrx_word' id='word_1_274' title='bbox 171 4116 204 4176; x_wconf 81' lang='lat' dir='ltr'>ta</span> <span class='ocrx_word' id='word_1_275' title='bbox 216 4092 497 4208; x_wconf 79' lang='lat' dir='ltr'>expendimus,</span> <span class='ocrx_word' id='word_1_276' title='bbox 515 4115 610 4174; x_wconf 90' lang='lat' dir='ltr'>cum</span> <span class='ocrx_word' id='word_1_277' title='bbox 627 4081 761 4176; x_wconf 81' lang='lat' dir='ltr'>morsu</span> <span class='ocrx_word' id='word_1_278' title='bbox 775 4083 1015 4178; x_wconf 76' lang='lat' dir='ltr'>machinalis</span> <span class='ocrx_word' id='word_1_279' title='bbox 1030 4084 1167 4180; x_wconf 82' lang='lat' dir='ltr'>causas</span> <span class='ocrx_word' id='word_1_280' title='bbox 1184 4091 1442 4210; x_wconf 82' lang='lat' dir='ltr'>inquirimus.</span> 
     </span>
    </p>
   </div>
   <div class='ocr_carea' id='block_1_9' title="bbox 0 0 1917 5264">
    <p class='ocr_par' dir='ltr' id='par_1_9' title="bbox 0 0 1917 5264">
     <span class='ocr_line' id='line_1_35' title="bbox 0 0 1917 5264; baseline 0 0"><span class='ocrx_word' id='word_1_281' title='bbox 0 0 1917 5264; x_wconf 95' lang='lat' dir='ltr'> </span> 
     </span>
    </p>
   </div>
  </div>
 </body>
</html>
