<?xml version="1.0" encoding="UTF-8"?>
<!DOCTYPE html PUBLIC "-//W3C//DTD XHTML 1.0 Transitional//EN"
    "http://www.w3.org/TR/xhtml1/DTD/xhtml1-transitional.dtd">
<html xmlns="http://www.w3.org/1999/xhtml" xml:lang="en" lang="en">
 <head>
  <title>
</title>
<meta http-equiv="Content-Type" content="text/html;charset=utf-8" />
  <meta name='ocr-system' content='tesseract 3.04.00' />
  <meta name='ocr-capabilities' content='ocr_page ocr_carea ocr_par ocr_line ocrx_word'/>
</head>
<body>
  <div class='ocr_page' id='page_1' title='image "./rppaulicasatipl00casagoog_0051.png"; bbox 0 0 3918 5262; ppageno 0'>
   <div class='ocr_carea' id='block_1_1' title="bbox 369 205 1255 326">
    <p class='ocr_par' dir='ltr' id='par_1_1' title="bbox 369 205 1255 326">
     <span class='ocr_line' id='line_1_1' title="bbox 369 205 1255 326; baseline 0 -6"><span class='ocrx_word' id='word_1_1' title='bbox 369 225 440 326; x_wconf 78' lang='lat'><strong>26</strong></span> <span class='ocrx_word' id='word_1_2' title='bbox 718 239 722 248; x_wconf 82' lang='lat'>&#39;</span> <span class='ocrx_word' id='word_1_3' title='bbox 834 205 1255 321; x_wconf 71' lang='lat' dir='ltr'><strong>lvsechanicorum</strong></span> 
     </span>
    </p>
   </div>
   <div class='ocr_carea' id='block_1_2' title="bbox 244 367 1825 4303">
    <p class='ocr_par' dir='ltr' id='par_1_2' title="bbox 355 367 1739 832">
     <span class='ocr_line' id='line_1_2' title="bbox 357 367 1739 486; baseline 0 -28"><span class='ocrx_word' id='word_1_4' title='bbox 357 375 444 458; x_wconf 87' lang='lat' dir='ltr'><strong>abit</strong></span> <span class='ocrx_word' id='word_1_5' title='bbox 459 372 544 482; x_wconf 85' lang='lat' dir='ltr'><strong>ejus</strong></span> <span class='ocrx_word' id='word_1_6' title='bbox 574 367 938 484; x_wconf 83' lang='lat' dir='ltr'>perpendiculum,</span> <span class='ocrx_word' id='word_1_7' title='bbox 959 401 1054 456; x_wconf 88' lang='lat' dir='ltr'><strong>curn</strong></span> <span class='ocrx_word' id='word_1_8' title='bbox 1072 399 1157 486; x_wconf 91' lang='lat' dir='ltr'><strong>quo</strong></span> <span class='ocrx_word' id='word_1_9' title='bbox 1183 368 1336 486; x_wconf 78' lang='lat' dir='ltr'>semper</span> <span class='ocrx_word' id='word_1_10' title='bbox 1352 374 1550 458; x_wconf 85' lang='lat' dir='ltr'><strong>minorem</strong></span> <span class='ocrx_word' id='word_1_11' title='bbox 1567 444 1578 475; x_wconf 90' lang='lat'><em>,</em></span> <span class='ocrx_word' id='word_1_12' title='bbox 1596 381 1638 460; x_wconf 89' lang='lat'>&amp;</span> <span class='ocrx_word' id='word_1_13' title='bbox 1655 379 1739 460; x_wconf 81' lang='lat' dir='ltr'><strong>mi·</strong></span> 
     </span>
     <span class='ocr_line' id='line_1_3' title="bbox 356 485 1732 594; baseline -0.001 -21"><span class='ocrx_word' id='word_1_14' title='bbox 356 515 500 573; x_wconf 86' lang='lat' dir='ltr'><strong>norem</strong></span> <span class='ocrx_word' id='word_1_15' title='bbox 525 485 722 594; x_wconf 86' lang='lat' dir='ltr'>angulum</span> <span class='ocrx_word' id='word_1_16' title='bbox 738 486 836 570; x_wconf 82' lang='lat' dir='ltr'><strong>facit</strong></span> <span class='ocrx_word' id='word_1_17' title='bbox 857 486 965 570; x_wconf 77' lang='lat' dir='ltr'><strong>linea</strong></span> <span class='ocrx_word' id='word_1_18' title='bbox 988 487 1127 571; x_wconf 80' lang='lat' dir='ltr'><strong>mortis</strong></span> <span class='ocrx_word' id='word_1_19' title='bbox 1154 489 1198 570; x_wconf 90' lang='lat' dir='ltr'>D</span> <span class='ocrx_word' id='word_1_20' title='bbox 1217 491 1286 580; x_wconf 71' lang='lat'><strong>03</strong></span> <span class='ocrx_word' id='word_1_21' title='bbox 1309 489 1441 572; x_wconf 88' lang='lat' dir='ltr'><strong>donec</strong></span> <span class='ocrx_word' id='word_1_22' title='bbox 1474 488 1641 576; x_wconf 77' lang='lat' dir='ltr'><strong>demirin</strong></span> <span class='ocrx_word' id='word_1_23' title='bbox 1667 519 1732 572; x_wconf 89' lang='lat' dir='ltr'><strong>to-</strong></span> 
     </span>
     <span class='ocr_line' id='line_1_4' title="bbox 357 599 1739 718; baseline 0.002 -31"><span class='ocrx_word' id='word_1_24' title='bbox 357 631 446 688; x_wconf 90' lang='lat' dir='ltr'><strong>tum</strong></span> <span class='ocrx_word' id='word_1_25' title='bbox 457 599 628 685; x_wconf 88' lang='lat' dir='ltr'><strong>solidum</strong></span> <span class='ocrx_word' id='word_1_26' title='bbox 642 599 825 684; x_wconf 83' lang='lat' dir='ltr'><strong>obtineat</strong></span> <span class='ocrx_word' id='word_1_27' title='bbox 841 602 959 686; x_wconf 77' lang='lat' dir='ltr'><strong>situm</strong></span> <span class='ocrx_word' id='word_1_28' title='bbox 972 603 1349 716; x_wconf 81' lang='lat' dir='ltr'><strong>perpendicularem</strong></span> <span class='ocrx_word' id='word_1_29' title='bbox 1361 637 1375 698; x_wconf 72' lang='lat'>3</span> <span class='ocrx_word' id='word_1_30' title='bbox 1388 605 1500 718; x_wconf 91' lang='lat' dir='ltr'><strong>quod</strong></span> <span class='ocrx_word' id='word_1_31' title='bbox 1514 609 1632 689; x_wconf 87' lang='lat' dir='ltr'><strong>initio</strong></span> <span class='ocrx_word' id='word_1_32' title='bbox 1649 635 1739 690; x_wconf 75' lang='lat' dir='ltr'><strong>erat</strong></span> 
     </span>
     <span class='ocr_line' id='line_1_5' title="bbox 355 714 1335 832; baseline -0.016 -26"><span class='ocrx_word' id='word_1_33' title='bbox 355 723 402 806; x_wconf 82' lang='lat' dir='ltr'><strong>in</strong></span> <span class='ocrx_word' id='word_1_34' title='bbox 418 714 656 832; x_wconf 75' lang='lat' dir='ltr'><strong>aequilibrio.</strong></span> <span class='ocrx_word' id='word_1_35' title='bbox 1329 737 1335 746; x_wconf 90' lang='lat'>·</span> 
     </span>
    </p>

    <p class='ocr_par' dir='ltr' id='par_1_3' title="bbox 244 827 1825 4303">
     <span class='ocr_line' id='line_1_6' title="bbox 415 827 1739 948; baseline -0.003 -26"><span class='ocrx_word' id='word_1_36' title='bbox 415 837 621 934; x_wconf 62' lang='lat' dir='ltr'><strong>Ceterum</strong></span> <span class='ocrx_word' id='word_1_37' title='bbox 633 892 644 930; x_wconf 90' lang='lat'>,</span> <span class='ocrx_word' id='word_1_38' title='bbox 658 835 844 948; x_wconf 82' lang='lat' dir='ltr'><strong>quamvis</strong></span> <span class='ocrx_word' id='word_1_39' title='bbox 858 829 998 918; x_wconf 69' lang='lat' dir='ltr'><strong>habiti</strong></span> <span class='ocrx_word' id='word_1_40' title='bbox 1015 839 1173 919; x_wconf 86' lang='lat' dir='ltr'><strong>ratione</strong></span> <span class='ocrx_word' id='word_1_41' title='bbox 1186 827 1279 915; x_wconf 78' lang='lat' dir='ltr'><strong>fitds</strong></span> <span class='ocrx_word' id='word_1_42' title='bbox 1294 891 1307 930; x_wconf 88' lang='lat'>,</span> <span class='ocrx_word' id='word_1_43' title='bbox 1324 827 1437 922; x_wconf 70' lang='lat' dir='ltr'><strong>levio</strong></span> <span class='ocrx_word' id='word_1_44' title='bbox 1449 831 1591 918; x_wconf 83' lang='lat' dir='ltr'><strong>altiora</strong></span> <span class='ocrx_word' id='word_1_45' title='bbox 1605 839 1739 948; x_wconf 75' lang='lat' dir='ltr'><strong>magis</strong></span> 
     </span>
     <span class='ocr_line' id='line_1_7' title="bbox 355 944 1737 1062; baseline 0 -28"><span class='ocrx_word' id='word_1_46' title='bbox 355 946 553 1045; x_wconf 86' lang='lat' dir='ltr'><strong>levitent,</strong></span> <span class='ocrx_word' id='word_1_47' title='bbox 571 946 653 1032; x_wconf 65' lang='lat' dir='ltr'><strong>srvi:</strong></span> <span class='ocrx_word' id='word_1_48' title='bbox 680 944 868 1062; x_wconf 70' lang='lat' dir='ltr'><strong>parallelo</strong></span> <span class='ocrx_word' id='word_1_49' title='bbox 896 947 1105 1034; x_wconf 82' lang='lat' dir='ltr'><strong>horizonti</strong></span> <span class='ocrx_word' id='word_1_50' title='bbox 1116 954 1278 1062; x_wconf 81' lang='lat' dir='ltr'><strong>jaceant</strong></span> <span class='ocrx_word' id='word_1_51' title='bbox 1292 975 1498 1048; x_wconf 83' lang='lat' dir='ltr'><strong>extrema,</strong></span> <span class='ocrx_word' id='word_1_52' title='bbox 1515 947 1598 1034; x_wconf 75' lang='lat' dir='ltr'><strong>stvb</strong></span> <span class='ocrx_word' id='word_1_53' title='bbox 1613 951 1737 1034; x_wconf 87' lang='lat' dir='ltr'><strong>incli-</strong></span> 
     </span>
     <span class='ocr_line' id='line_1_8' title="bbox 356 1059 1802 1178; baseline 0.003 -30"><span class='ocrx_word' id='word_1_54' title='bbox 356 1093 477 1161; x_wconf 82' lang='lat' dir='ltr'><strong>nata,</strong></span> <span class='ocrx_word' id='word_1_55' title='bbox 496 1065 649 1150; x_wconf 74' lang='lat' dir='ltr'><strong>tutione</strong></span> <span class='ocrx_word' id='word_1_56' title='bbox 677 1093 815 1147; x_wconf 84' lang='lat' dir='ltr'><strong>tamon</strong></span> <span class='ocrx_word' id='word_1_57' title='bbox 831 1063 984 1173; x_wconf 80' lang='lat' dir='ltr'><strong>medij,</strong></span> <span class='ocrx_word' id='word_1_58' title='bbox 1009 1067 1121 1178; x_wconf 89' lang='lat' dir='ltr'><strong>quod</strong></span> <span class='ocrx_word' id='word_1_59' title='bbox 1151 1069 1195 1146; x_wconf 92' lang='lat' dir='ltr'><strong>in</strong></span> <span class='ocrx_word' id='word_1_60' title='bbox 1222 1059 1491 1176; x_wconf 85' lang='lat' dir='ltr'><strong>superioribus</strong></span> <span class='ocrx_word' id='word_1_61' title='bbox 1515 1063 1574 1148; x_wconf 91' lang='lat' dir='ltr'><strong>est</strong></span> <span class='ocrx_word' id='word_1_62' title='bbox 1588 1064 1737 1164; x_wconf 85' lang='lat' dir='ltr'><strong>levius,</strong></span> <span class='ocrx_word' id='word_1_63' title='bbox 1799 1145 1802 1152; x_wconf 90' lang='lat'>.</span> 
     </span>
     <span class='ocr_line' id='line_1_9' title="bbox 352 1175 1755 1295; baseline 0 -31"><span class='ocrx_word' id='word_1_64' title='bbox 352 1177 481 1295; x_wconf 74' lang='lat' dir='ltr'><strong>quim</strong></span> <span class='ocrx_word' id='word_1_65' title='bbox 495 1182 539 1261; x_wconf 86' lang='lat' dir='ltr'><strong>in</strong></span> <span class='ocrx_word' id='word_1_66' title='bbox 552 1175 832 1276; x_wconf 84' lang='lat' dir='ltr'><strong>inferioribus,</strong></span> <span class='ocrx_word' id='word_1_67' title='bbox 848 1179 982 1262; x_wconf 72' lang='lat' dir='ltr'><strong>minito</strong></span> <span class='ocrx_word' id='word_1_68' title='bbox 997 1177 1189 1262; x_wconf 80' lang='lat' dir='ltr'><strong>levitant:</strong></span> <span class='ocrx_word' id='word_1_69' title='bbox 1206 1181 1455 1292; x_wconf 82' lang='lat' dir='ltr'><strong>experientia</strong></span> <span class='ocrx_word' id='word_1_70' title='bbox 1469 1184 1580 1264; x_wconf 86' lang='lat' dir='ltr'><strong>eninr</strong></span> <span class='ocrx_word' id='word_1_71' title='bbox 1597 1179 1735 1273; x_wconf 74' lang='lat' dir='ltr'><strong>osten‹</strong></span> <span class='ocrx_word' id='word_1_72' title='bbox 1751 1209 1755 1216; x_wconf 60' lang='lat'><strong><em>⁴</em></strong></span> 
     </span>
     <span class='ocr_line' id='line_1_10' title="bbox 357 1289 1738 1410; baseline -0.002 -29"><span class='ocrx_word' id='word_1_73' title='bbox 357 1299 421 1382; x_wconf 88' lang='lat' dir='ltr'><strong>dit</strong></span> <span class='ocrx_word' id='word_1_74' title='bbox 437 1326 486 1380; x_wconf 83' lang='lat' dir='ltr'><strong>ea</strong></span> <span class='ocrx_word' id='word_1_75' title='bbox 501 1289 648 1404; x_wconf 74' lang='lat' dir='ltr'><strong>lentibe</strong></span> <span class='ocrx_word' id='word_1_76' title='bbox 665 1290 879 1378; x_wconf 87' lang='lat' dir='ltr'><strong>ascendere</strong></span> <span class='ocrx_word' id='word_1_77' title='bbox 896 1353 907 1390; x_wconf 87' lang='lat'>‚</span> <span class='ocrx_word' id='word_1_78' title='bbox 934 1323 1022 1406; x_wconf 86' lang='lat' dir='ltr'><strong>quae</strong></span> <span class='ocrx_word' id='word_1_79' title='bbox 1039 1291 1202 1408; x_wconf 80' lang='lat' dir='ltr'><strong>propibs</strong></span> <span class='ocrx_word' id='word_1_80' title='bbox 1219 1292 1421 1376; x_wconf 83' lang='lat' dir='ltr'><strong>accedunt</strong></span> <span class='ocrx_word' id='word_1_81' title='bbox 1437 1296 1489 1378; x_wconf 86' lang='lat' dir='ltr'><strong>ad</strong></span> <span class='ocrx_word' id='word_1_82' title='bbox 1508 1294 1629 1410; x_wconf 87' lang='lat' dir='ltr'><strong>medij</strong></span> <span class='ocrx_word' id='word_1_83' title='bbox 1651 1325 1738 1378; x_wconf 74' lang='lat' dir='ltr'><strong>na-v</strong></span> 
     </span>
     <span class='ocr_line' id='line_1_11' title="bbox 355 1405 1737 1523; baseline 0.001 -30"><span class='ocrx_word' id='word_1_84' title='bbox 355 1429 492 1495; x_wconf 81' lang='lat' dir='ltr'><strong>turam</strong></span> <span class='ocrx_word' id='word_1_85' title='bbox 506 1405 729 1495; x_wconf 73' lang='lat' dir='ltr'><strong>secundum</strong></span> <span class='ocrx_word' id='word_1_86' title='bbox 743 1409 949 1493; x_wconf 80' lang='lat' dir='ltr'><strong>levitatem</strong></span> <span class='ocrx_word' id='word_1_87' title='bbox 966 1445 979 1490; x_wconf 76' lang='grc' dir='ltr'>ι</span> <span class='ocrx_word' id='word_1_88' title='bbox 994 1437 1090 1492; x_wconf 80' lang='lat' dir='ltr'><strong>nam</strong></span> <span class='ocrx_word' id='word_1_89' title='bbox 1113 1406 1307 1491; x_wconf 83' lang='lat' dir='ltr'><strong>extribus</strong></span> <span class='ocrx_word' id='word_1_90' title='bbox 1324 1405 1504 1519; x_wconf 82' lang='lat' dir='ltr'><strong>globulis</strong></span> <span class='ocrx_word' id='word_1_91' title='bbox 1517 1405 1737 1523; x_wconf 73' lang='lat' dir='ltr'><strong>sphaericis,</strong></span> 
     </span>
     <span class='ocr_line' id='line_1_12' title="bbox 356 1521 1735 1642; baseline -0.003 -31"><span class='ocrx_word' id='word_1_92' title='bbox 356 1555 532 1642; x_wconf 87' lang='lat' dir='ltr'><strong>quorum</strong></span> <span class='ocrx_word' id='word_1_93' title='bbox 544 1525 741 1608; x_wconf 81' lang='lat' dir='ltr'><strong>diameter</strong></span> <span class='ocrx_word' id='word_1_94' title='bbox 753 1554 848 1611; x_wconf 86' lang='lat' dir='ltr'><strong>unc.</strong></span> <span class='ocrx_word' id='word_1_95' title='bbox 869 1559 887 1605; x_wconf 91' lang='lat'>2</span> <span class='ocrx_word' id='word_1_96' title='bbox 904 1523 925 1634; x_wconf 73' lang='grc' dir='ltr'><strong>ξ·</strong></span> <span class='ocrx_word' id='word_1_97' title='bbox 934 1523 1049 1637; x_wconf 87' lang='lat' dir='ltr'><strong>pedis</strong></span> <span class='ocrx_word' id='word_1_98' title='bbox 1066 1521 1243 1607; x_wconf 81' lang='lat' dir='ltr'><strong>Romani</strong></span> <span class='ocrx_word' id='word_1_99' title='bbox 1256 1583 1268 1616; x_wconf 86' lang='lat'>‚</span> <span class='ocrx_word' id='word_1_100' title='bbox 1283 1551 1422 1606; x_wconf 85' lang='lat' dir='ltr'><strong>cereus</strong></span> <span class='ocrx_word' id='word_1_101' title='bbox 1437 1551 1522 1606; x_wconf 78' lang='lat' dir='ltr'><strong>erat</strong></span> <span class='ocrx_word' id='word_1_102' title='bbox 1537 1525 1735 1638; x_wconf 79' lang='lat' dir='ltr'><strong>ponderis</strong></span> 
     </span>
     <span class='ocr_line' id='line_1_13' title="bbox 355 1645 1733 1758; baseline -0.004 -25"><span class='ocrx_word' id='word_1_103' title='bbox 355 1649 642 1734; x_wconf 79' lang='lat' dir='ltr'><strong>drichmarum</strong></span> <span class='ocrx_word' id='word_1_104' title='bbox 664 1677 740 1752; x_wconf 87' lang='lat'><strong>24,</strong></span> <span class='ocrx_word' id='word_1_105' title='bbox 769 1645 930 1758; x_wconf 82' lang='lat' dir='ltr'><strong>faginus</strong></span> <span class='ocrx_word' id='word_1_106' title='bbox 945 1645 1127 1730; x_wconf 86' lang='lat' dir='ltr'><strong>drachm.</strong></span> <span class='ocrx_word' id='word_1_107' title='bbox 1149 1681 1229 1744; x_wconf 81' lang='lat'><strong>22,</strong></span> <span class='ocrx_word' id='word_1_108' title='bbox 1252 1646 1472 1756; x_wconf 62' lang='lat' dir='ltr'><strong>vitrpdreus</strong></span> <span class='ocrx_word' id='word_1_109' title='bbox 1491 1646 1674 1729; x_wconf 81' lang='lat' dir='ltr'><strong>drachm.</strong></span> <span class='ocrx_word' id='word_1_110' title='bbox 1688 1677 1733 1754; x_wconf 69' lang='grc'><strong>7.</strong></span> 
     </span>
     <span class='ocr_line' id='line_1_14' title="bbox 356 1758 1736 1874; baseline -0.003 -27"><span class='ocrx_word' id='word_1_111' title='bbox 356 1767 400 1848; x_wconf 91' lang='lat' dir='ltr'><strong>in</strong></span> <span class='ocrx_word' id='word_1_112' title='bbox 420 1758 802 1874; x_wconf 75' lang='lat' dir='ltr'><strong>aere.expens1‚sed</strong></span> <span class='ocrx_word' id='word_1_113' title='bbox 820 1789 963 1846; x_wconf 87' lang='lat' dir='ltr'><strong>eorum</strong></span> <span class='ocrx_word' id='word_1_114' title='bbox 981 1789 1115 1844; x_wconf 89' lang='lat' dir='ltr'><strong>motus</strong></span> <span class='ocrx_word' id='word_1_115' title='bbox 1132 1763 1176 1848; x_wconf 87' lang='lat' dir='ltr'><strong>in</strong></span> <span class='ocrx_word' id='word_1_116' title='bbox 1193 1758 1302 1872; x_wconf 72' lang='lat' dir='ltr'><strong>aqui</strong></span> <span class='ocrx_word' id='word_1_117' title='bbox 1314 1759 1367 1843; x_wconf 71' lang='lat' dir='ltr'><strong>ad</strong></span> <span class='ocrx_word' id='word_1_118' title='bbox 1380 1759 1639 1843; x_wconf 71' lang='lat' dir='ltr'><strong>altitudinem</strong></span> <span class='ocrx_word' id='word_1_119' title='bbox 1658 1789 1736 1874; x_wconf 87' lang='lat' dir='ltr'><strong>pe-</strong></span> 
     </span>
     <span class='ocr_line' id='line_1_15' title="bbox 355 1873 1736 1992; baseline -0.004 -28"><span class='ocrx_word' id='word_1_120' title='bbox 355 1879 456 1964; x_wconf 85' lang='lat' dir='ltr'><strong>dum</strong></span> <span class='ocrx_word' id='word_1_121' title='bbox 476 1908 552 1984; x_wconf 88' lang='lat'><strong>14,</strong></span> <span class='ocrx_word' id='word_1_122' title='bbox 569 1874 691 1961; x_wconf 71' lang='lat' dir='ltr'><strong>valde</strong></span> <span class='ocrx_word' id='word_1_123' title='bbox 706 1875 913 1992; x_wconf 76' lang='lat' dir='ltr'><strong>inaequalis</strong></span> <span class='ocrx_word' id='word_1_124' title='bbox 936 1877 1015 1962; x_wconf 90' lang='lat' dir='ltr'><strong>fuit</strong></span> <span class='ocrx_word' id='word_1_125' title='bbox 1035 1937 1049 1973; x_wconf 82' lang='lat'>‚</span> <span class='ocrx_word' id='word_1_126' title='bbox 1070 1880 1289 1958; x_wconf 82' lang='lat' dir='ltr'><strong>numeratis</strong></span> <span class='ocrx_word' id='word_1_127' title='bbox 1308 1873 1606 1958; x_wconf 79' lang='lat' dir='ltr'><strong>vibrationibus</strong></span> <span class='ocrx_word' id='word_1_128' title='bbox 1624 1873 1736 1989; x_wconf 68' lang='lat' dir='ltr'><strong>ejus--</strong></span> 
     </span>
     <span class='ocr_line' id='line_1_16' title="bbox 356 1985 1736 2108; baseline -0.001 -33"><span class='ocrx_word' id='word_1_129' title='bbox 356 1991 460 2086; x_wconf 70' lang='lat' dir='ltr'><strong>dem&#39;</strong></span> <span class='ocrx_word' id='word_1_130' title='bbox 474 1989 780 2108; x_wconf 67' lang='lat' dir='ltr'><strong>perpendiculis</strong></span> <span class='ocrx_word' id='word_1_131' title='bbox 800 2021 940 2075; x_wconf 87' lang='lat' dir='ltr'><strong>cereus</strong></span> <span class='ocrx_word' id='word_1_132' title='bbox 961 1991 1161 2105; x_wconf 85' lang='lat' dir='ltr'><strong>liquidem</strong></span> <span class='ocrx_word' id='word_1_133' title='bbox 1170 1985 1351 2072; x_wconf 80' lang='lat' dir='ltr'><strong>ascendit</strong></span> <span class='ocrx_word' id='word_1_134' title='bbox 1364 1987 1574 2074; x_wconf 71' lang='lat' dir='ltr'><strong>lentillrm&#39;e</strong></span> <span class='ocrx_word' id='word_1_135' title='bbox 1596 1993 1736 2074; x_wconf 83' lang='lat' dir='ltr'><strong>vibra·</strong></span> 
     </span>
     <span class='ocr_line' id='line_1_17' title="bbox 250 2102 1737 2218; baseline -0.008 -26"><span class='ocrx_word' id='word_1_136' title='bbox 250 2130 258 2148; x_wconf 91' lang='lat'><strong><em>‘</em></strong></span> <span class='ocrx_word' id='word_1_137' title='bbox 356 2108 537 2194; x_wconf 89' lang='lat' dir='ltr'><strong>tionibus</strong></span> <span class='ocrx_word' id='word_1_138' title='bbox 556 2113 630 2205; x_wconf 87' lang='lat'><strong>88,</strong></span> <span class='ocrx_word' id='word_1_139' title='bbox 653 2105 813 2218; x_wconf 77' lang='lat' dir='ltr'><strong>faginus</strong></span> <span class='ocrx_word' id='word_1_140' title='bbox 829 2104 1122 2192; x_wconf 80' lang='lat' dir='ltr'><strong>vibrationibus</strong></span> <span class='ocrx_word' id='word_1_141' title='bbox 1147 2133 1224 2211; x_wconf 78' lang='lat'><strong>37,</strong></span> <span class='ocrx_word' id='word_1_142' title='bbox 1250 2107 1470 2188; x_wconf 73' lang='lat' dir='ltr'><strong>vitrabreus</strong></span> <span class='ocrx_word' id='word_1_143' title='bbox 1489 2102 1737 2188; x_wconf 64' lang='lat' dir='ltr'><strong>vibrationi„.</strong></span> 
     </span>
     <span class='ocr_line' id='line_1_18' title="bbox 359 2213 1780 2335; baseline -0.005 -24"><span class='ocrx_word' id='word_1_144' title='bbox 359 2224 445 2328; x_wconf 52' lang='lat' dir='ltr'><strong>bus,</strong></span> <span class='ocrx_word' id='word_1_145' title='bbox 457 2256 474 2332; x_wconf 82' lang='lat'>3</span> <span class='ocrx_word' id='word_1_146' title='bbox 483 2256 501 2330; x_wconf 82' lang='lat'>3</span> <span class='ocrx_word' id='word_1_147' title='bbox 519 2259 531 2304; x_wconf 73' lang='grc' dir='ltr'><em>ι</em></span> <span class='ocrx_word' id='word_1_148' title='bbox 546 2221 656 2305; x_wconf 88' lang='lat' dir='ltr'><strong>unde</strong></span> <span class='ocrx_word' id='word_1_149' title='bbox 673 2245 784 2335; x_wconf 79' lang='lat' dir='ltr'><strong>potet</strong></span> <span class='ocrx_word' id='word_1_150' title='bbox 801 2251 988 2320; x_wconf 87' lang='lat' dir='ltr'><strong>cereum,</strong></span> <span class='ocrx_word' id='word_1_151' title='bbox 1002 2224 1073 2335; x_wconf 88' lang='lat' dir='ltr'><strong>qui</strong></span> <span class='ocrx_word' id='word_1_152' title='bbox 1087 2215 1303 2303; x_wconf 82' lang='lat' dir='ltr'><strong>minimitm</strong></span> <span class='ocrx_word' id='word_1_153' title='bbox 1321 2217 1373 2302; x_wconf 86' lang='lat' dir='ltr'><strong>ab</strong></span> <span class='ocrx_word' id='word_1_154' title='bbox 1398 2217 1505 2334; x_wconf 74' lang='lat' dir='ltr'><strong>aqud</strong></span> <span class='ocrx_word' id='word_1_155' title='bbox 1530 2213 1670 2302; x_wconf 86' lang='lat' dir='ltr'><strong>differt</strong></span> <span class='ocrx_word' id='word_1_156' title='bbox 1689 2225 1737 2304; x_wconf 79' lang='lat' dir='ltr'><strong>iru</strong></span> <span class='ocrx_word' id='word_1_157' title='bbox 1777 2264 1780 2271; x_wconf 68' lang='lat'>=</span> 
     </span>
     <span class='ocr_line' id='line_1_19' title="bbox 359 2331 1739 2457; baseline -0.004 -33"><span class='ocrx_word' id='word_1_158' title='bbox 359 2339 544 2457; x_wconf 86' lang='lat' dir='ltr'><strong>pondere</strong></span> <span class='ocrx_word' id='word_1_159' title='bbox 561 2340 701 2450; x_wconf 81' lang='lat' dir='ltr'><strong>(aquae</strong></span> <span class='ocrx_word' id='word_1_160' title='bbox 715 2337 869 2419; x_wconf 89' lang='lat' dir='ltr'><strong>etenim</strong></span> <span class='ocrx_word' id='word_1_161' title='bbox 882 2333 1000 2420; x_wconf 87' lang='lat' dir='ltr'><strong>molis</strong></span> <span class='ocrx_word' id='word_1_162' title='bbox 1019 2331 1183 2450; x_wconf 80' lang='lat' dir='ltr'><strong>aejqualis</strong></span> <span class='ocrx_word' id='word_1_163' title='bbox 1201 2331 1262 2418; x_wconf 90' lang='lat' dir='ltr'><strong>est</strong></span> <span class='ocrx_word' id='word_1_164' title='bbox 1275 2333 1457 2420; x_wconf 80' lang='lat' dir='ltr'><strong>draehrn.</strong></span> <span class='ocrx_word' id='word_1_165' title='bbox 1471 2369 1489 2417; x_wconf 89' lang='lat'><em>2</em></span> <span class='ocrx_word' id='word_1_166' title='bbox 1498 2365 1514 2444; x_wconf 84' lang='lat'><em>5</em></span> <span class='ocrx_word' id='word_1_167' title='bbox 1534 2335 1584 2445; x_wconf 65' lang='grc' dir='ltr'><strong>ξ)</strong></span> <span class='ocrx_word' id='word_1_168' title='bbox 1599 2333 1739 2422; x_wconf 64' lang='lat' dir='ltr'><strong>minito</strong></span> 
     </span>
     <span class='ocr_line' id='line_1_20' title="bbox 357 2454 1738 2572; baseline -0.008 -23"><span class='ocrx_word' id='word_1_169' title='bbox 357 2469 403 2549; x_wconf 91' lang='lat' dir='ltr'><strong>in</strong></span> <span class='ocrx_word' id='word_1_170' title='bbox 419 2459 468 2556; x_wconf 72' lang='lat' dir='ltr'><strong>eri</strong></span> <span class='ocrx_word' id='word_1_171' title='bbox 489 2459 666 2552; x_wconf 80' lang='lat' dir='ltr'><strong>levitate.</strong></span> <span class='ocrx_word' id='word_1_172' title='bbox 697 2461 811 2542; x_wconf 85' lang='lat' dir='ltr'><strong>Sicut</strong></span> <span class='ocrx_word' id='word_1_173' title='bbox 833 2461 960 2572; x_wconf 89' lang='lat' dir='ltr'><strong>igitur</strong></span> <span class='ocrx_word' id='word_1_174' title='bbox 973 2456 1128 2544; x_wconf 71' lang='lat' dir='ltr'><strong>diversa</strong></span> <span class='ocrx_word' id='word_1_175' title='bbox 1140 2454 1246 2542; x_wconf 80' lang='lat' dir='ltr'><strong>levia</strong></span> <span class='ocrx_word' id='word_1_176' title='bbox 1261 2460 1308 2542; x_wconf 88' lang='lat' dir='ltr'><strong>in</strong></span> <span class='ocrx_word' id='word_1_177' title='bbox 1320 2457 1466 2544; x_wconf 86' lang='lat' dir='ltr'><strong>eodem</strong></span> <span class='ocrx_word' id='word_1_178' title='bbox 1479 2459 1615 2546; x_wconf 86' lang='lat' dir='ltr'><strong>medio</strong></span> <span class='ocrx_word' id='word_1_179' title='bbox 1631 2461 1738 2540; x_wconf 79' lang='lat' dir='ltr'><strong>inae-</strong></span> 
     </span>
     <span class='ocr_line' id='line_1_21' title="bbox 358 2571 1740 2694; baseline -0.004 -32"><span class='ocrx_word' id='word_1_180' title='bbox 358 2576 531 2694; x_wconf 81' lang='lat' dir='ltr'><strong>qualiter</strong></span> <span class='ocrx_word' id='word_1_181' title='bbox 544 2571 735 2672; x_wconf 74' lang='lat' dir='ltr'><strong>levietur,</strong></span> <span class='ocrx_word' id='word_1_182' title='bbox 760 2573 814 2658; x_wconf 86' lang='lat' dir='ltr'><strong>stc</strong></span> <span class='ocrx_word' id='word_1_183' title='bbox 844 2575 954 2659; x_wconf 90' lang='lat' dir='ltr'><strong>idem</strong></span> <span class='ocrx_word' id='word_1_184' title='bbox 967 2571 1058 2659; x_wconf 89' lang='lat' dir='ltr'><strong>leve</strong></span> <span class='ocrx_word' id='word_1_185' title='bbox 1078 2577 1123 2658; x_wconf 90' lang='lat' dir='ltr'><strong>in</strong></span> <span class='ocrx_word' id='word_1_186' title='bbox 1139 2575 1276 2658; x_wconf 87' lang='lat' dir='ltr'><strong>medio</strong></span> <span class='ocrx_word' id='word_1_187' title='bbox 1290 2573 1462 2659; x_wconf 77' lang='lat' dir='ltr'><strong>dillnnili</strong></span> <span class='ocrx_word' id='word_1_188' title='bbox 1481 2572 1740 2689; x_wconf 81' lang='lat' dir='ltr'><strong>inaequaliter</strong></span> 
     </span>
     <span class='ocr_line' id='line_1_22' title="bbox 356 2686 1780 2804; baseline -0.008 -24"><span class='ocrx_word' id='word_1_189' title='bbox 356 2691 543 2780; x_wconf 80' lang='lat' dir='ltr'><strong>levitabit</strong></span> <span class='ocrx_word' id='word_1_190' title='bbox 581 2719 655 2804; x_wconf 90' lang='lat' dir='ltr'><strong>pro</strong></span> <span class='ocrx_word' id='word_1_191' title='bbox 683 2692 837 2804; x_wconf 81' lang='lat' dir='ltr'><strong>majore</strong></span> <span class='ocrx_word' id='word_1_192' title='bbox 871 2717 942 2773; x_wconf 83' lang='lat' dir='ltr'><strong>aut</strong></span> <span class='ocrx_word' id='word_1_193' title='bbox 974 2693 1132 2774; x_wconf 84' lang='lat' dir='ltr'><strong>minore</strong></span> <span class='ocrx_word' id='word_1_194' title='bbox 1165 2686 1377 2773; x_wconf 82' lang='lat' dir='ltr'><strong>levitatum</strong></span> <span class='ocrx_word' id='word_1_195' title='bbox 1404 2689 1737 2774; x_wconf 86' lang='lat' dir='ltr'><strong>diffimilitudine.</strong></span> <span class='ocrx_word' id='word_1_196' title='bbox 1777 2698 1780 2706; x_wconf 83' lang='lat'><em>&#39;</em></span> 
     </span>
     <span class='ocr_line' id='line_1_23' title="bbox 279 2801 1739 2919; baseline -0.008 -24"><span class='ocrx_word' id='word_1_197' title='bbox 279 2885 282 2894; x_wconf 93' lang='lat'>.</span> <span class='ocrx_word' id='word_1_198' title='bbox 357 2811 627 2895; x_wconf 80' lang='lat' dir='ltr'><strong>Conveniunt</strong></span> <span class='ocrx_word' id='word_1_199' title='bbox 643 2807 781 2919; x_wconf 82' lang='lat' dir='ltr'><strong>itaque</strong></span> <span class='ocrx_word' id='word_1_200' title='bbox 799 2810 960 2916; x_wconf 78' lang='lat' dir='ltr'><strong>gravia,</strong></span> <span class='ocrx_word' id='word_1_201' title='bbox 990 2815 1031 2891; x_wconf 68' lang='grc' dir='ltr'><strong>ὅ(</strong></span> <span class='ocrx_word' id='word_1_202' title='bbox 1047 2803 1175 2902; x_wconf 87' lang='lat' dir='ltr'><strong>levia,</strong></span> <span class='ocrx_word' id='word_1_203' title='bbox 1198 2803 1309 2914; x_wconf 89' lang='lat' dir='ltr'><strong>quod</strong></span> <span class='ocrx_word' id='word_1_204' title='bbox 1326 2805 1414 2888; x_wconf 84' lang='lat' dir='ltr'><strong>haec</strong></span> <span class='ocrx_word' id='word_1_205' title='bbox 1430 2801 1611 2918; x_wconf 72' lang='lat' dir='ltr'><strong>proculi</strong></span> <span class='ocrx_word' id='word_1_206' title='bbox 1632 2833 1739 2887; x_wconf 81' lang='lat' dir='ltr'><strong>cen-</strong></span> 
     </span>
     <span class='ocr_line' id='line_1_24' title="bbox 358 2917 1738 3034; baseline -0.006 -26"><span class='ocrx_word' id='word_1_207' title='bbox 358 2953 422 3008; x_wconf 88' lang='lat' dir='ltr'><strong>tro</strong></span> <span class='ocrx_word' id='word_1_208' title='bbox 437 2917 692 3006; x_wconf 81' lang='lat' dir='ltr'><strong>offendentia</strong></span> <span class='ocrx_word' id='word_1_209' title='bbox 704 2920 885 3004; x_wconf 87' lang='lat' dir='ltr'><strong>medium</strong></span> <span class='ocrx_word' id='word_1_210' title='bbox 900 2917 1030 3005; x_wconf 89' lang='lat' dir='ltr'><strong>levius</strong></span> <span class='ocrx_word' id='word_1_211' title='bbox 1043 2917 1178 3006; x_wconf 83' lang='lat' dir='ltr'><strong>minbs</strong></span> <span class='ocrx_word' id='word_1_212' title='bbox 1197 2917 1389 3013; x_wconf 79' lang='lat' dir='ltr'><strong>levitam,</strong></span> <span class='ocrx_word' id='word_1_213' title='bbox 1406 2919 1471 3002; x_wconf 84' lang='lat' dir='ltr'><strong>illa</strong></span> <span class='ocrx_word' id='word_1_214' title='bbox 1488 2917 1614 3034; x_wconf 72' lang='lat' dir='ltr'><strong>prope</strong></span> <span class='ocrx_word' id='word_1_215' title='bbox 1631 2947 1738 3002; x_wconf 86' lang='lat' dir='ltr'><strong>cen-</strong></span> 
     </span>
     <span class='ocr_line' id='line_1_25' title="bbox 358 3030 1739 3146; baseline -0.004 -24"><span class='ocrx_word' id='word_1_216' title='bbox 358 3068 470 3122; x_wconf 85' lang='lat' dir='ltr'><strong>trum</strong></span> <span class='ocrx_word' id='word_1_217' title='bbox 483 3036 675 3134; x_wconf 87' lang='lat' dir='ltr'><strong>habentia</strong></span> <span class='ocrx_word' id='word_1_218' title='bbox 686 3036 867 3120; x_wconf 87' lang='lat' dir='ltr'><strong>medium</strong></span> <span class='ocrx_word' id='word_1_219' title='bbox 882 3039 1044 3146; x_wconf 81' lang='lat' dir='ltr'><strong>gravius</strong></span> <span class='ocrx_word' id='word_1_220' title='bbox 1053 3032 1188 3120; x_wconf 73' lang='lat' dir='ltr'><strong>minos</strong></span> <span class='ocrx_word' id='word_1_221' title='bbox 1206 3037 1418 3144; x_wconf 78' lang='lat' dir='ltr'><strong>gravitant.</strong></span> <span class='ocrx_word' id='word_1_222' title='bbox 1432 3030 1647 3117; x_wconf 77' lang='lat' dir='ltr'><strong>Differ-unt</strong></span> <span class='ocrx_word' id='word_1_223' title='bbox 1660 3055 1739 3117; x_wconf 51' lang='lat' dir='ltr'><strong>au*</strong></span> 
     </span>
     <span class='ocr_line' id='line_1_26' title="bbox 357 3143 1736 3266; baseline -0.006 -27"><span class='ocrx_word' id='word_1_224' title='bbox 357 3182 444 3240; x_wconf 87' lang='lat' dir='ltr'><strong>tem</strong></span> <span class='ocrx_word' id='word_1_225' title='bbox 463 3155 619 3253; x_wconf 72' lang='lat' dir='ltr'><strong>ratione</strong></span> <span class='ocrx_word' id='word_1_226' title='bbox 635 3149 863 3266; x_wconf 74' lang='lat' dir='ltr'><strong>pofitionis,</strong></span> <span class='ocrx_word' id='word_1_227' title='bbox 878 3155 998 3264; x_wconf 84' lang='lat' dir='ltr'><strong>quia,</strong></span> <span class='ocrx_word' id='word_1_228' title='bbox 1017 3154 1061 3232; x_wconf 89' lang='lat' dir='ltr'><strong>in</strong></span> <span class='ocrx_word' id='word_1_229' title='bbox 1082 3147 1177 3232; x_wconf 87' lang='lat' dir='ltr'><strong>loco</strong></span> <span class='ocrx_word' id='word_1_230' title='bbox 1192 3153 1404 3231; x_wconf 86' lang='lat' dir='ltr'><strong>remotiore</strong></span> <span class='ocrx_word' id='word_1_231' title='bbox 1418 3143 1442 3230; x_wconf 76' lang='lat' dir='ltr'><strong>d</strong></span> <span class='ocrx_word' id='word_1_232' title='bbox 1455 3179 1619 3248; x_wconf 87' lang='lat' dir='ltr'><strong>centro,</strong></span> <span class='ocrx_word' id='word_1_233' title='bbox 1636 3177 1736 3264; x_wconf 53' lang='lat' dir='ltr'><strong>per*</strong></span> 
     </span>
     <span class='ocr_line' id='line_1_27' title="bbox 356 3260 1735 3386; baseline -0.004 -32"><span class='ocrx_word' id='word_1_234' title='bbox 356 3263 729 3386; x_wconf 79' lang='lat' dir='ltr'><strong>pendiculaomnia</strong></span> <span class='ocrx_word' id='word_1_235' title='bbox 740 3293 990 3350; x_wconf 86' lang='lat' dir='ltr'><strong>concurrunt</strong></span> <span class='ocrx_word' id='word_1_236' title='bbox 1002 3265 1054 3349; x_wconf 82' lang='lat' dir='ltr'><strong>ad</strong></span> <span class='ocrx_word' id='word_1_237' title='bbox 1070 3261 1239 3376; x_wconf 88' lang='lat' dir='ltr'><strong>angulos</strong></span> <span class='ocrx_word' id='word_1_238' title='bbox 1255 3266 1383 3374; x_wconf 82' lang='lat' dir='ltr'><strong>magis</strong></span> <span class='ocrx_word' id='word_1_239' title='bbox 1397 3292 1562 3362; x_wconf 70' lang='lat' dir='ltr'><strong>acutos,</strong></span> <span class='ocrx_word' id='word_1_240' title='bbox 1577 3260 1735 3348; x_wconf 82' lang='lat' dir='ltr'><strong>mimis-</strong></span> 
     </span>
     <span class='ocr_line' id='line_1_28' title="bbox 358 3375 1738 3502; baseline -0.004 -35"><span class='ocrx_word' id='word_1_241' title='bbox 358 3413 439 3502; x_wconf 89' lang='lat' dir='ltr'><strong>que</strong></span> <span class='ocrx_word' id='word_1_242' title='bbox 454 3375 653 3467; x_wconf 85' lang='lat' dir='ltr'><strong>differunt</strong></span> <span class='ocrx_word' id='word_1_243' title='bbox 676 3375 822 3466; x_wconf 74' lang='lat' dir='ltr'><strong>dlined</strong></span> <span class='ocrx_word' id='word_1_244' title='bbox 849 3379 955 3465; x_wconf 74' lang='lat' dir='ltr'><strong>re‘std</strong></span> <span class='ocrx_word' id='word_1_245' title='bbox 976 3381 1107 3478; x_wconf 84' lang='lat' dir='ltr'><strong>,ideo</strong></span> <span class='ocrx_word' id='word_1_246' title='bbox 1122 3377 1232 3495; x_wconf 81' lang='lat' dir='ltr'><strong>quasi</strong></span> <span class='ocrx_word' id='word_1_247' title='bbox 1255 3377 1409 3460; x_wconf 82' lang='lat' dir='ltr'><strong>collatis</strong></span> <span class='ocrx_word' id='word_1_248' title='bbox 1433 3379 1586 3464; x_wconf 82' lang='lat' dir='ltr'><strong>viribus</strong></span> <span class='ocrx_word' id='word_1_249' title='bbox 1604 3383 1738 3491; x_wconf 85' lang='lat' dir='ltr'><strong>magis·</strong></span> 
     </span>
     <span class='ocr_line' id='line_1_29' title="bbox 359 3485 1735 3613; baseline -0.003 -31"><span class='ocrx_word' id='word_1_250' title='bbox 359 3501 575 3613; x_wconf 80' lang='lat' dir='ltr'><strong>gravitant,</strong></span> <span class='ocrx_word' id='word_1_251' title='bbox 594 3505 637 3584; x_wconf 80' lang='lat' dir='ltr'><strong>bc</strong></span> <span class='ocrx_word' id='word_1_252' title='bbox 650 3500 777 3608; x_wconf 84' lang='lat' dir='ltr'><strong>magis</strong></span> <span class='ocrx_word' id='word_1_253' title='bbox 790 3493 986 3590; x_wconf 80' lang='lat' dir='ltr'><strong>levitant5</strong></span> <span class='ocrx_word' id='word_1_254' title='bbox 1005 3524 1045 3579; x_wconf 85' lang='lat' dir='ltr'><strong>at</strong></span> <span class='ocrx_word' id='word_1_255' title='bbox 1056 3521 1180 3609; x_wconf 83' lang='lat' dir='ltr'><strong>prope</strong></span> <span class='ocrx_word' id='word_1_256' title='bbox 1196 3519 1383 3576; x_wconf 83' lang='lat' dir='ltr'><strong>centrum</strong></span> <span class='ocrx_word' id='word_1_257' title='bbox 1400 3523 1495 3576; x_wconf 87' lang='lat' dir='ltr'><strong>cum</strong></span> <span class='ocrx_word' id='word_1_258' title='bbox 1507 3485 1735 3608; x_wconf 82' lang='lat' dir='ltr'><strong>perpendi-</strong></span> 
     </span>
     <span class='ocr_line' id='line_1_30' title="bbox 359 3605 1790 3725; baseline -0.003 -25"><span class='ocrx_word' id='word_1_259' title='bbox 359 3613 452 3700; x_wconf 86' lang='lat' dir='ltr'><strong>cula</strong></span> <span class='ocrx_word' id='word_1_260' title='bbox 464 3615 592 3725; x_wconf 80' lang='lat' dir='ltr'><strong>magis</strong></span> <span class='ocrx_word' id='word_1_261' title='bbox 606 3616 652 3694; x_wconf 92' lang='lat' dir='ltr'><strong>in</strong></span> <span class='ocrx_word' id='word_1_262' title='bbox 664 3607 817 3698; x_wconf 84' lang='lat' dir='ltr'><strong>diversa</strong></span> <span class='ocrx_word' id='word_1_263' title='bbox 828 3609 997 3708; x_wconf 83' lang='lat' dir='ltr'><strong>abeant,</strong></span> <span class='ocrx_word' id='word_1_264' title='bbox 1016 3621 1058 3697; x_wconf 80' lang='grc' dir='ltr'><strong>δι</strong></span> <span class='ocrx_word' id='word_1_265' title='bbox 1071 3607 1177 3693; x_wconf 81' lang='lat' dir='ltr'><strong>levia</strong></span> <span class='ocrx_word' id='word_1_266' title='bbox 1189 3605 1324 3694; x_wconf 71' lang='lat' dir='ltr'><strong>minio</strong></span> <span class='ocrx_word' id='word_1_267' title='bbox 1335 3607 1518 3710; x_wconf 67' lang='lat' dir='ltr'><strong>lenirent,</strong></span> <span class='ocrx_word' id='word_1_268' title='bbox 1535 3619 1575 3695; x_wconf 79' lang='grc' dir='ltr'><strong>δι</strong></span> <span class='ocrx_word' id='word_1_269' title='bbox 1593 3613 1740 3722; x_wconf 64' lang='lat' dir='ltr'><strong>gravio</strong></span> <span class='ocrx_word' id='word_1_270' title='bbox 1785 3688 1790 3696; x_wconf 85' lang='lat'><em>.</em></span> 
     </span>
     <span class='ocr_line' id='line_1_31' title="bbox 358 3721 1825 3842; baseline -0.003 -29"><span class='ocrx_word' id='word_1_271' title='bbox 358 3728 707 3842; x_wconf 83' lang='lat' dir='ltr'><strong>minitsgravitant.</strong></span> <span class='ocrx_word' id='word_1_272' title='bbox 735 3721 865 3810; x_wconf 86' lang='lat' dir='ltr'><strong>Porrb</strong></span> <span class='ocrx_word' id='word_1_273' title='bbox 878 3726 986 3812; x_wconf 80' lang='lat' dir='ltr'><strong>hanc</strong></span> <span class='ocrx_word' id='word_1_274' title='bbox 1011 3724 1312 3808; x_wconf 79' lang='lat' dir='ltr'><strong>similitudinem</strong></span> <span class='ocrx_word' id='word_1_275' title='bbox 1335 3727 1612 3836; x_wconf 84' lang='lat' dir='ltr'><strong>gravitationis</strong></span> <span class='ocrx_word' id='word_1_276' title='bbox 1633 3753 1733 3837; x_wconf 81' lang='lat' dir='ltr'><strong>gra·</strong></span> <span class='ocrx_word' id='word_1_277' title='bbox 1821 3757 1825 3766; x_wconf 91' lang='lat'><em>·</em></span> 
     </span>
     <span class='ocr_line' id='line_1_32' title="bbox 244 3835 1737 3956; baseline -0.009 -21"><span class='ocrx_word' id='word_1_278' title='bbox 244 3867 248 3874; x_wconf 87' lang='lat'>&#39;</span> <span class='ocrx_word' id='word_1_279' title='bbox 327 3951 329 3956; x_wconf 68' lang='lat'><em>,</em></span> <span class='ocrx_word' id='word_1_280' title='bbox 358 3849 485 3946; x_wconf 79' lang='lat' dir='ltr'><strong>vium,</strong></span> <span class='ocrx_word' id='word_1_281' title='bbox 498 3853 542 3928; x_wconf 72' lang='lat' dir='ltr'><strong>bc</strong></span> <span class='ocrx_word' id='word_1_282' title='bbox 558 3841 801 3928; x_wconf 82' lang='lat' dir='ltr'><strong>levitationis</strong></span> <span class='ocrx_word' id='word_1_283' title='bbox 815 3839 969 3926; x_wconf 83' lang='lat' dir='ltr'><strong>levium</strong></span> <span class='ocrx_word' id='word_1_284' title='bbox 984 3847 1032 3924; x_wconf 89' lang='lat' dir='ltr'><strong>in</strong></span> <span class='ocrx_word' id='word_1_285' title='bbox 1043 3840 1187 3924; x_wconf 88' lang='lat' dir='ltr'><strong>eodem</strong></span> <span class='ocrx_word' id='word_1_286' title='bbox 1197 3837 1301 3939; x_wconf 87' lang='lat' dir='ltr'><strong>loco,</strong></span> <span class='ocrx_word' id='word_1_287' title='bbox 1318 3835 1341 3924; x_wconf 75' lang='lat' dir='ltr'><strong>tl</strong></span> <span class='ocrx_word' id='word_1_288' title='bbox 1356 3867 1423 3924; x_wconf 87' lang='lat' dir='ltr'><strong>me</strong></span> <span class='ocrx_word' id='word_1_289' title='bbox 1437 3843 1575 3924; x_wconf 84' lang='lat' dir='ltr'><strong>vocari</strong></span> <span class='ocrx_word' id='word_1_290' title='bbox 1590 3839 1737 3924; x_wconf 82' lang='lat' dir='ltr'><strong>discri-</strong></span> 
     </span>
     <span class='ocr_line' id='line_1_33' title="bbox 357 3951 1737 4070; baseline -0.009 -18"><span class='ocrx_word' id='word_1_291' title='bbox 357 3989 468 4057; x_wconf 84' lang='lat' dir='ltr'><strong>men,</strong></span> <span class='ocrx_word' id='word_1_292' title='bbox 486 3969 528 4045; x_wconf 90' lang='lat'>&amp;</span> <span class='ocrx_word' id='word_1_293' title='bbox 544 3951 831 4056; x_wconf 80' lang='lat' dir='ltr'><strong>differentiam,</strong></span> <span class='ocrx_word' id='word_1_294' title='bbox 845 3961 944 4070; x_wconf 77' lang='lat' dir='ltr'><strong>quia</strong></span> <span class='ocrx_word' id='word_1_295' title='bbox 957 3955 1096 4042; x_wconf 80' lang='lat' dir='ltr'><strong>habita</strong></span> <span class='ocrx_word' id='word_1_296' title='bbox 1110 3959 1264 4038; x_wconf 84' lang='lat' dir='ltr'><strong>ratione</strong></span> <span class='ocrx_word' id='word_1_297' title='bbox 1278 3953 1551 4068; x_wconf 86' lang='lat' dir='ltr'><strong>opposttorum</strong></span> <span class='ocrx_word' id='word_1_298' title='bbox 1565 3954 1737 4039; x_wconf 82' lang='lat' dir='ltr'><strong>uideba-</strong></span> 
     </span>
     <span class='ocr_line' id='line_1_34' title="bbox 359 4069 1738 4185; baseline -0.006 -23"><span class='ocrx_word' id='word_1_299' title='bbox 359 4103 425 4163; x_wconf 84' lang='lat' dir='ltr'><strong>tur</strong></span> <span class='ocrx_word' id='word_1_300' title='bbox 441 4074 531 4159; x_wconf 86' lang='lat' dir='ltr'><strong>leve</strong></span> <span class='ocrx_word' id='word_1_301' title='bbox 550 4076 738 4158; x_wconf 88' lang='lat' dir='ltr'><strong>remotius</strong></span> <span class='ocrx_word' id='word_1_302' title='bbox 753 4071 904 4168; x_wconf 79' lang='lat' dir='ltr'><strong>debere</strong></span> <span class='ocrx_word' id='word_1_303' title='bbox 924 4069 1058 4158; x_wconf 78' lang='lat' dir='ltr'><strong>minus</strong></span> <span class='ocrx_word' id='word_1_304' title='bbox 1075 4069 1272 4168; x_wconf 85' lang='lat' dir='ltr'><strong>levitate,</strong></span> <span class='ocrx_word' id='word_1_305' title='bbox 1298 4071 1405 4152; x_wconf 85' lang='lat' dir='ltr'><strong>srcut</strong></span> <span class='ocrx_word' id='word_1_306' title='bbox 1425 4097 1547 4183; x_wconf 82' lang='lat' dir='ltr'><strong>grave</strong></span> <span class='ocrx_word' id='word_1_307' title='bbox 1565 4074 1738 4185; x_wconf 71' lang='lat' dir='ltr'><strong>propius</strong></span> 
     </span>
     <span class='ocr_line' id='line_1_35' title="bbox 357 4179 1679 4303; baseline -0.007 -26"><span class='ocrx_word' id='word_1_308' title='bbox 357 4188 495 4294; x_wconf 77' lang='lat' dir='ltr'><strong>minb&#39;s</strong></span> <span class='ocrx_word' id='word_1_309' title='bbox 518 4193 718 4303; x_wconf 67' lang='lat' dir='ltr'><strong>graviter,</strong></span> <span class='ocrx_word' id='word_1_310' title='bbox 732 4219 786 4279; x_wconf 86' lang='lat' dir='ltr'><strong>ne</strong></span> <span class='ocrx_word' id='word_1_311' title='bbox 802 4216 843 4276; x_wconf 87' lang='lat' dir='ltr'><strong>te</strong></span> <span class='ocrx_word' id='word_1_312' title='bbox 861 4215 1054 4284; x_wconf 68' lang='lat' dir='ltr'><strong>moveatr</strong></span> <span class='ocrx_word' id='word_1_313' title='bbox 1072 4185 1187 4276; x_wconf 87' lang='lat' dir='ltr'><strong>litem</strong></span> <span class='ocrx_word' id='word_1_314' title='bbox 1204 4185 1259 4272; x_wconf 86' lang='lat' dir='ltr'><strong>de</strong></span> <span class='ocrx_word' id='word_1_315' title='bbox 1274 4181 1399 4272; x_wconf 86' lang='lat' dir='ltr'><strong>verbo</strong></span> <span class='ocrx_word' id='word_1_316' title='bbox 1413 4214 1499 4270; x_wconf 84' lang='lat' dir='ltr'><strong>non</strong></span> <span class='ocrx_word' id='word_1_317' title='bbox 1513 4179 1679 4270; x_wconf 73' lang='lat' dir='ltr'><strong>faciam..</strong></span> 
     </span>
    </p>
   </div>
   <div class='ocr_carea' id='block_1_3' title="bbox 0 0 1968 5262">
    <p class='ocr_par' dir='ltr' id='par_1_4' title="bbox 0 0 1968 5262">
     <span class='ocr_line' id='line_1_36' title="bbox 0 0 1968 5262; baseline 0 0"><span class='ocrx_word' id='word_1_318' title='bbox 0 0 1968 5262; x_wconf 95' lang='lat' dir='ltr'><strong> </strong></span> 
     </span>
    </p>
   </div>
  </div>
 </body>
</html>
