3780 5270
380 146 385 164 ³
439 163 599 281 Liber
619 174 843 327 quintus.
895 157 1248 290 CAPuTlV.
1427 196 1523 320 531

146 331 282 534 lm
358 354 447 442 rum
462 329 649 446 perficit)
673 361 719 420 ut
738 333 925 450 quaedam
938 325 1071 419 moult
1079 335 1329 536 aerluabilitas
1346 335 1393 426 'tn
1407 343 1533 428 noro..

166 451 263 560 ogio
290 477 761 564 erretur‚opporttrnum
774 451 853 538 fuit
869 445 1061 566 potentia
1081 482 1131 536 va
1148 443 1251 538 'idrus
1264 464 1430 544 conanti
1446 451 1534 546 mass
1593 440 1618 498 ‘¹
1692 492 1696 502 ·

145 567 280 677 jorem
294 572 443 678 opponi
461 566 744 666 resistentiam,
758 571 958 654 minorem
972 559 1072 650 veria
1092 565 1326 680 languidiits
1336 579 1501 658 conanti
1517 613 1528 660 ε

119 679 249 766 ''nam
276 677 303 764 li
333 681 518 766 catenula
539 713 622 766 non
652 713 802 768 conum
826 745 837 782 ‚
863 679 929 770 sed
957 680 1188 792 cylindrum
1202 685 1530 804 {citctunpleste-

149 825 265 880 retur
293 857 305 896 ,
340 797 488 882 xeadem
516 795 669 914 semper
697 794 794 884 esset
817 827 1005 884 motuum
1029 794 1354 918 mensutaatque
1376 805 1530 904 Ratio,-

147 905 221 998 sed
247 911 464 1026 inequales
493 917 596 1000 vires
621 913 793 1000 clasticae
807 944 967 1000 motum
986 913 1240 1032 inaequaliter
1257 915 1446 1004 velocem
1466 919 1531 1008 ef-

134 1029 358 1138 flectent„
677 1105 680 1112 .
1182 1119 1185 1126 .

209 1141 312 1228 Huc
339 1145 488 1258 pariter
517 1145 762 1230 reuocandas
795 1141 1172 1233 efferTerebrarum
1208 1147 1312 1231 vires
1343 1150 1418 1236 vix
1441 1151 1534 1238 cui·

145 1289 277 1376 quam
295 1255 471 1346 dubium
494 1253 572 1346 else
594 1259 726 1376 potest
749 1321 761 1360 ,
798 1291 970 1378 quarum
998 1258 1086 1378 qud
1106 1261 1300 1378 ampliora
1328 1259 1420 1350 sunt
1441 1297 1532 1354 ma·

147 1374 330 1488 mrbria,
357 1379 527 1488 majores
556 1381 705 1491 pariter
735 1371 814 1460 elle
846 1382 953 1466 uires
970 1377 1164 1472 constat3
1197 1379 1534 1499 quandoquidem

144 1489 338 1608 potentia
364 1485 600 1604 ampliorem
623 1487 823 1576 circulum
846 1488 1037 1578 describit
1058 1521 1070 1594 3
1102 1495 1204 1580 dum
1233 1495 1401 1583 terebrae
1426 1503 1534 1584 acies

150 1606 328 1694 minimo
345 1635 462 1692 motu
480 1603 581 1719 ligni
609 1634 679 1690 aut
695 1605 846 1692 metalli
867 1605 1081 1722 particulas
1108 1669 1121 1706 ‚
1153 1611 1197 1692 in
1225 1640 1329 1724 quas
1348 1615 1533 1715 incurrit,

147 1719 366 1809 abscindit.
415 1727 701 1838 Qaecumque
720 1723 957 1828 demumsrt
980 1721 1146 1810 terebra
1161 1723 1316 1826 forma,
1346 1729 1427 1816 stre
1443 1730 1533 1844 ejus

149 1867 258 1956 apex
280 1843 326 1924 in
345 1838 555 1924 cochleam
574 1838 750 1922 striatam
772 1865 986 1924 exacutam
1059 1899 1061 1904 -

147 1955 341 2042 desinat,
366 1984 411 2050 ut
441 1958 522 2040 AB
553 1952 815 2039 manubrium
837 1953 994 2040 habens
1128 1949 1183 2026 Ἀ
1284 1953 1322 2026 0

156 2071 255 2160 CD
295 2069 605 2178 resisum-‚sive
643 2073 688 2154 in
721 2062 853 2179 aciem
885 2068 993 2156 obli.
1065 2031 1517 2586 T}
1664 2087 1669 2094 ·

150 2213 279 2304 quam
312 2216 384 2272 aut
410 2183 605 2300 planam,
639 2213 711 2270 aut
736 2184 900 2294 modici
923 2215 994 2272 ex·

151 2331 340 2390 cavaurn
364 2329 483 2409 exeat
517 2329 562 2384 ut
595 2301 667 2384 EF
693 2361 705 2400 ,
731 2299 993 2406 manubrium
1274 2329 1325 2424 N
1433 2319 1499 2424 M·

149 2445 296 2512 autem
325 2419 449 2501 LHi
476 2418 675 2516 inflexum
702 2410 852 2506 habeat
882 2420 992 2504 circa
1096 2421 1135 2512 B

155 2535 233 2618 GI
262 2529 443 2616 versatile
466 2537 481 2630 l
501 2561 622 2648 quam
645 2529 867 2618 Zerebram
885 2531 987 2620 Gal-

155 2649 280 2735 licam
301 2646 427 2764 aliqui
442 2647 530 2732 Itali
545 2647 777 2762 appellant)
808 2648 889 2734 srve
908 2647 989 2732 ser-

154 2793 224 2849 rea
248 2763 397 2851 lamina
423 2768 466 2847 in
488 2761 630 2869 orbern
657 2763 909 2862 convoluta,
943 2774 1001 2852 &¹

147 2877 326 2978 ‚inferiis
353 2879 631 2978 denticulata,
657 2908 703 2964 ut
730 2879 777 2960 M
795 2881 843 2964 N
858 2939 876 2976 .,
902 2907 991 2964 ma·

156 2995 309 3112 nubrio
325 2990 543 3080 transverso
565 2999 650 3080 ΟΡ
676 3003 909 3110 coaptetur:
929 3000 990 3079 si·
1010 3051 1012 3056 ·

154 3109 306 3196 militer
328 3105 480 3229 semper
500 3109 559 3194 est
583 3137 882 3196 momentorum
905 3113 988 3196 Ra·
1217 3192 1243 3221 ,ἒ

155 3230 219 3310 tio
252 3223 499 3310 desumenda
523 3255 600 3313 aut
629 3257 686 3325 *ex
722 3221 986 3339 transversarij
1097 3264 1102 3270 ·
1229 3220 1238 3231 ”

155 3344 257 3429 CD
293 3339 550 3454 longitudine
575 3342 630 3426 ad
669 3343 879 3442 crassitiem
914 3373 985 3424 co-

154 3457 287 3553 chleae
326 3455 466 3542 striatae
506 3459 574 3555 B,
613 3485 686 3542 aut
718 3487 770 3540 ex
799 3451 988 3544 distantii
1349 3550 1354 3558 ,
1502 3533 1506 3542 .
1623 3543 1631 3564 ,

152 3577 298 3691 puniti
318 3574 363 3656 H
383 3564 526 3657 ilined
545 3569 774 3658 transeunte
787 3601 860 3685 per
892 3573 1051 3674 GIEF
1081 3583 1135 3666 ad
1156 3585 1354 3699 integram
1379 3587 1447 3676 seu
1466 3592 1532 3676 di.

154 3691 365 3776 midiatam
378 3685 525 3772 acieiF
543 3685 801 3774 latitudinem
821 3692 833 3784 l
845 3717 966 3803 prout
981 3719 1208 3784 extremum
1223 3709 1420 3816 punaum
1441 3712 1469 3792 F
1488 3711 1533 3793 in
1650 3771 1666 3802 ,¹

153 3803 369 3892 mediiaut
386 3808 427 3888 in
438 3801 624 3890 extremi
636 3802 850 3889 latitudine
867 3806 1108 3918 positionem
1129 3814 1277 3916 babet)
1297 3849 1366 3906 aut
1380 3851 1432 3904 ex
1445 3851 1533 3915 nra·

154 3921 294 4034 nubrij
316 3924 395 4004 OP
413 3916 672 4032 longitudine
693 3921 746 4006 ad
771 3922 1015 4006 diametrum
1032 3929 1235 4018 circularis
1261 3934 1372 4030 strrae
1398 3939 1442 4020 N
1457 3933 1528 4026 Mu

112 4128 120 4138 ,
151 4067 288 4156 partes
304 4063 440 4120 autem
461 4033 626 4150 subjeiii
643 4040 823 4153 eorporis
840 4035 1142 4146 abscindendae,
1164 4049 1326 4138 utillud
1346 4051 1529 4165 periore,-

149 4183 244 4252 tut,
260 4150 415 4238 habent
427 4151 625 4243 rationem
643 4155 833 4268 ponderis
847 4158 1036 4248 movendi
1053 4153 1106 4244 ed
1118 4164 1324 4252 difficilius
1337 4225 1349 4266 ‚
1362 4159 1449 4284 qud
1464 4197 1533 4268 ra-

148 4269 301 4358 lidiore
321 4297 431 4354 nexu
450 4267 526 4354 illa
549 4267 729 4354 invicem
750 4273 1070 4386 conjunguntur.
1149 4331 1151 4336 ·
1284 4355 1287 4366 .

213 4387 366 4472 Eadem
393 4389 471 4472 erit
494 4383 806 4502 philosophandi
830 4391 1058 4486 methodus·
1074 4389 1118 4486 iu
1144 4421 1194 4474 eo
1217 4394 1390 4484 terebra
1405 4425 1529 4540 gene

151 4535 201 4591 re
220 4565 234 4601 „
268 4507 336 4586 cui
360 4531 433 4586 nos
456 4499 544 4585 itali
575 4501 761 4616 proximi
782 4503 835 4600 ad
865 4506 1057 4594 Graecum
1086 4505 1332 4604 vocabulum
1364 4543 1530 4622 epam

145 4619 751 4713 accedentesnomensecimus.
784 4621 944 4712 Teretis
959 4621 1093 4709 baculi
1122 4625 1203 4710 BC
1227 4631 1530 4720 extremitatiC

1042 4741 1156 4830 Xxx
1221 4776 1240 4824 2
