3818 5264
367 201 401 309 '1
418 197 480 316 ιδ
694 274 698 282 .
845 177 1268 300 Methanicorum
1315 211 1320 218 ’

374 348 809 470 asperitatesanomalat
826 345 918 434 sunt
933 378 982 434 ae
992 345 1260 434 multiformes
1274 405 1285 443 ,
1308 331 1526 434 refluentia
1540 347 1638 440 inde
1653 383 1744 472 pm.

374 475 546 558 veniens
562 465 635 554 sub
649 494 800 556 certam
815 464 949 582 legem
966 493 1051 550 non
1064 463 1172 550 cadit
1186 496 1199 558 3
1215 457 1283 546 sed
1300 491 1498 578 quantum
1515 475 1749 583 conjectura

375 581 528 700 assequi
544 581 805 682 valemus,illa
816 587 949 698 potius
959 609 1013 667 ex
1023 581 1199 696 antiquis
1215 583 1501 693 experImentis
1519 583 1748 678 aestimanda
1838 659 1841 666 .

373 703 560 800 videtur,
581 695 706 814 qudtn
720 700 1018 784 mathematicis
1038 693 1411 782 ratiocinationibus
1424 699 1667 809 indaganda.
1701 707 1748 790 Io

375 819 459 908 hoc
472 848 555 900 uno
573 814 765 902 nimirum
777 814 909 900 facem
922 813 1108 930 praeferre
1120 808 1252 927 potest
1267 811 1531 911 Geometria,
1553 817 1638 902 utfi
1653 821 1745 908 reli-

375 963 458 1050 qua
475 928 629 1047 prorsus
643 936 751 1048 paria
765 929 864 1028 fint,
881 960 958 1016 nec
969 929 1047 1019 alia
1066 927 1115 1012 fit
1133 924 1256 1042 qulam
1270 923 1387 1010 molis
1405 956 1477 1012 aut
1491 927 1747 1040 figuraediffi-

374 1049 590 1146 militudo,
611 1075 810 1160 quantum
825 1077 875 1134 ex
893 1045 975 1134 hoc
994 1047 1126 1162 capite
1149 1044 1343 1126 mouendi
1359 1043 1574 1134 difficultas
1596 1055 1746 1164 augea·

374 1195 464 1266 tur,
480 1170 764 1261 minuaturve,
783 1145 1035 1248 innnonescat
1052 1200 1062 1245 ε
1084 1159 1276 1246 caeterltm
1295 1155 1417 1271 plene
1434 1189 1557 1275 arque
1570 1167 1747 1276 perfecte

374 1283 606 1397 explicare,
633 1306 834 1394 quantum
860 1277 1087 1365 tefistentiae
1110 1307 1162 1364 ex
1186 1271 1413 1389 asperarum
1446 1277 1748 1392 luperlicierum

376 1397 638 1495 conflidtione
650 1397 801 1481 oriatur
813 1455 824 1491 ‚
837 1400 927 1509 quis
938 1395 1011 1478 nist
1031 1390 1185 1478 temere
1198 1413 1394 1474 conetur?

307 1572 317 1586 ι
434 1511 648 1598 Posteriori
671 1509 771 1594 huic
789 1509 897 1594 malo
912 1571 925 1606 ‚
941 1511 1056 1624 quod
1079 1504 1381 1622 superficierum
1404 1505 1539 1622 aliqua
1563 1501 1749 1627 asperitas

240 1679 243 1686 -
373 1659 489 1721 creat
503 1689 514 1726 ,
528 1616 789 1734 'occurrirum'
811 1625 837 1710 st
854 1619 1260 1739 pinguisenuaclque
1280 1621 1446 1706 material
1464 1623 1598 1714 oblitae
1618 1629 1747 1714 lubrr.

375 1771 436 1830 cae
451 1744 574 1828 liant:
596 1746 661 1826 Sic
679 1743 932 1836 Automatis,
946 1733 1178 1824 rotarumse
1202 1731 1401 1826 semutual
1425 1738 1748 1831 collabellationo
1871 1821 1877 1830 .

372 1859 649 1946 mordentium
661 1856 944 1953 converfione,
963 1855 1082 1938 horas
1101 1847 1375 1964 indicantibus
1390 1854 1582 1941 velocitas
1606 1867 1749 1946 conci-

372 1972 557 2072 liatur‚st
576 1976 667 2090 quis
679 1969 907 2056 denticulos
918 1967 1163 2066 oleolcvirer
1174 1991 1395 2083 perungat:
1412 1969 1466 2054 stc
1481 1971 1750 2086 plaustrorum

369 2089 627 2188 tarditatem,
648 2116 930 2202 equorumque
939 2083 1141 2181 laborem,
1158 2109 1204 2166 ut
1214 2087 1459 2168 imminuant
1473 2095 1636 2204 aurigae,
1654 2087 1750 2178 axes

372 2205 633 2318 rotarquue
651 2200 849 2288 modiolos
867 2198 1047 2312 axungid
1069 2197 1257 2294 illinunts
1278 2209 1321 2284 &
1336 2211 1578 2318 caementarij
1596 2209 1751 2322 majora

373 2317 464 2406 fixa
473 2317 929 2417 attollentes,trochleae
940 2314 1134 2401 orbiculis
1147 2311 1292 2430 sapone
1302 2315 1751 2432 perfricatis,quaerunt

361 2435 521 2525 xlaboris
538 2434 841 2550 compendium.
883 2433 1001 2516 Hinc
1034 2429 1325 2518 Amstelodami
1354 2433 1490 2545 pallim
1517 2433 1753 2528 observatur

372 2549 547 2638 lubricas
560 2551 647 2636 fieri
660 2549 795 2635 trahas
804 2547 981 2632 ceruifiae
995 2544 1135 2648 doliis,
1154 2545 1322 2634 similive
1338 2547 1544 2660 pondere,
1561 2550 1724 2644 onustas
1735 2587 1750 2650 3

373 2697 470 2778 cum
485 2672 598 2753 enim
613 2695 745 2782 equus
760 2693 843 2752 non
854 2660 996 2782 procul
1014 2659 1128 2754 abest
1142 2657 1166 2746 d
1175 2689 1323 2778 ponte,
1339 2670 1382 2744 in
1394 2692 1516 2776 quem
1526 2665 1753 2754 ascenden·

374 2783 476 2870 dum
491 2781 579 2880 est,
598 2785 654 2880 is,
668 2783 740 2896 qui
755 2809 910 2895 equum
927 2783 1040 2894 agit,
1067 2805 1285 2864 centonem
1308 2782 1494 2890 unguine
1515 2779 1753 2872 delibutum

373 2901 554 2988 currenti
574 2897 700 2982 trahat
711 2893 946 2996 substernit,
960 2922 1006 2979 ut
1020 2888 1222 3010 expreffus
1234 2923 1285 2980 ex
1300 2920 1475 2977 centone
1486 2903 1651 3012 pinguis
1662 2901 1750 2986 hu-

376 3013 641 3101 morinficiat
657 3014 741 3100 duo
758 3002 825 3100 illa
841 3012 1027 3124 longiora
1050 3017 1189 3122 tigne,
1214 3007 1361 3123 quibus
1381 3010 1497 3096 traha
1511 3013 1678 3114 infistit,
1698 3045 1751 3102 ac

374 3131 547 3246 proinde
569 3125 724 3212 lubrica
744 3129 936 3214 machina
966 3123 1123 3212 facilius
1150 3153 1329 3242 raptetur
1353 3131 1532 3238 pervias
1555 3129 1752 3221 lateribus

377 3243 526 3332 stratas.
551 3245 618 3326 Sic
636 3247 723 3330 Dio
735 3241 805 3332 lib.
811 3277 875 3353 50.
893 3241 946 3328 de
960 3237 1150 3356 Augusto
1159 3240 1343 3358 loquens.
1390 3237 1533 3320 Audivi
1547 3271 1626 3324 eum
1637 3256 1752 3328 trire-

377 3385 453 3442 mes
472 3385 520 3436 ex
534 3364 630 3440 mari
648 3364 823 3466 exteriore
836 3379 903 3467 per
917 3381 1057 3434 murum
1077 3360 1116 3434 ir
1124 3349 1245 3460 strum
1261 3347 1501 3462 transtuliffe,
1523 3356 1655 3452 &loco
1673 3377 1749 3444 Pa.

376 3481 547 3586 largum,
562 3493 632 3582 per
652 3497 735 3584 quos
751 3469 989 3560 ducerentur,
1008 3463 1204 3580 tergoribus
1220 3473 1438 3550 animalium
1456 3498 1574 3554 recens
1592 3475 1751 3584 rasorum

376 3591 613 3678 deotmunt
624 3585 724 3697 usum
738 3639 749 3684 ,
762 3596 812 3678 Et
826 3587 945 3676 Silius
956 3585 1042 3672 Ital.
1052 3584 1144 3673 lib.1
1155 3611 1334 3698 3.v.444

527 3700 686 3790 Lubrica
699 3701 844 3785 roboreis
856 3695 1270 3812 aderasrtfitbsltamina
1280 3701 1469 3813 plaustris,

538 3839 661 3929 Atque
675 3845 795 3900 recem
809 3815 989 3926 erficergo
997 3809 1169 3927 prolapsa
1184 3822 1352 3928 juvenci-2

535 3953 754 4047 AEqrrorem
773 3956 854 4014 rota
869 3931 1025 4012 ducebar
1036 3954 1107 4042 per
1116 3943 1291 4044 gramina
1302 3939 1465 4046 puppim·
1688 4031 1693 4046 Ι

340 4085 343 4096 ’
435 4053 592 4144 Verum
604 4083 681 4140 nec
693 4053 884 4172 frequens
899 4047 978 4138 effe
990 4051 1137 4166 potest,
1146 4083 1225 4139 nec
1237 4057 1512 4154 commodum,
1523 4057 1751 4148 remedium

371 4171 458 4260 'hoc
475 4203 527 4258 ex
538 4175 681 4288 pingui
694 4167 852 4286 liquore
867 4173 1059 4281 petitumt
1071 4168 1174 4258 illud
1185 4173 1334 4259 certius
1346 4173 1750 4264 eritadimminuen-

375 4289 472 4377 dam
491 4317 648 4372 moram
666 4317 719 4374 ex
743 4287 844 4372 tritu
863 4294 1261 4401 corporum-ortam,
1289 4289 1401 4404 quod
1425 4319 1474 4374 ea
1500 4287 1539 4374 se
1565 4296 1749 4381 invicem

375 4398 501 4518 quim
515 4402 730 4490 minimum
746 4406 999 4515 contingant.
1048 4409 1258 4520 Qtoniatn
1274 4399 1373 4488 verd
1393 4405 1624 4496 deducendi
1643 4441 1748 4499 one-

374 4523 428 4606 ris
448 4516 893 4636 superficiemamplam
907 4547 1063 4610 mutare
1077 4519 1179 4635 saepe
1197 4524 1436 4636 nequimus,
1452 4550 1523 4606 aut
1536 4523 1639 4612 illud
1651 4555 1748 4641 rap-

370 4637 544 4726 nandum
559 4637 683 4722 trahat
698 4641 957 4762 imponimus,
968 4668 1057 4756 quae
1070 4633 1393 4752 nonnifiu'gillis
1407 4637 1568 4727 duobus
1578 4638 1749 4755 leviga-

735 4767 791 4849 κ,
1368 4821 1372 4832 .
1687 4763 1742 4842 tis
