3834 5272
468 183 832 307 Libere-rrius.
875 179 1090 314 Cirui·
1113 194 1285 312 Villi
1451 244 1561 346 ²97

179 362 270 450 rins
287 383 497 474 appareat,
514 351 682 469 ejusque
695 383 784 469 pars
801 359 976 446 maxima
996 351 1110 444 extri
1134 356 1294 446 lancem
1308 387 1444 464 exter,
1461 365 1565 456 iilud

65 475 71 482 ’
180 477 296 562 aliter
313 479 356 558 in
376 472 490 558 lance
503 469 672 584 dispone
685 532 702 584 ².
715 497 761 553 ut
773 498 914 555 centro
927 477 1134 586 gravitatis
1148 479 1338 588 ponderis
1353 471 1564 596 'sapileim-

182 597 333 678 mineat
355 593 553 704 pontium
566 589 683 700 jugi,
702 615 754 670 ex
779 615 864 700 quo
887 585 983 674 lanx
1006 588 1074 672 illa
1093 585 1347 703 suspenditur
1367 627 1380 688 3
1405 599 1447 684 u
1465 623 1564 684 tunc

182 709 329 792 certior
348 705 418 790 fies
435 765 446 804 ,
468 734 524 788 an
537 699 633 788 vere
654 705 827 814 gravitas
844 701 912 786 illa
928 700 1102 819 ponderi
1120 705 1210 788 insrt
1222 767 1234 804 ,
1247 735 1300 790 an
1316 705 1414 794 verd
1430 715 1561 828 irrep·

183 821 273 906 serit
294 819 453 910 fallacia
472 851 523 904 ex
544 819 681 931 inepti
702 815 823 931 ipsius
844 820 1035 932 ponderis
1060 820 1259 933 poitione
1283 825 1418 938 priori.
1463 828 1562 914 Hoc

181 965 317 1024 tumen
329 935 538 1049 intellige,
554 933 719 1048 quando
732 962 783 1018 err
799 930 1035 1052 hujusmodi
1049 934 1246 1049 positione
1258 935 1490 1054 sequeretur
1500 949 1563 1028 in-

181 1050 342 1170 aqnnlis
364 1052 557 1140 velocitas
574 1075 760 1136 motuum
774 1050 1053 1164 oppositorum
1072 1050 1311 1166 ponderum.

565 1400 932 1543 cnrur
1014 1440 1172 1546 mn

368 1693 407 1798 S
405 1717 565 1800 tatere
585 1719 768 1800 natura
790 1695 859 1812 Εἴ
873 1689 1045 1842 forma
1072 1689 1369 1847 explicatur.

282 1961 464 2052 Astenirs
485 1963 537 2050 de
559 1963 661 2054 libri
676 1963 804 2054 strmo
822 1965 926 2066 fuit,
945 1971 989 2052 in
1005 1966 1111 2084 quei,
1133 1999 1228 2054 cum
1246 1967 1411 2056 brachia
1423 1995 1557 2085 aequa-

280 2080 333 2166 lia
353 2081 427 2164 srnt
441 2142 452 2178 ,
465 2079 694 2194 legitimum
710 2085 868 2198 pondus
892 2083 952 2168 est
962 2085 1112 2199 aequale
1130 2089 1317 2196 gravitati
1334 2084 1418 2182 rei,
1446 2091 1563 2202 cujus

176 2201 448 2311 'quantitatem
461 2227 512 2292 ex
524 2203 721 2312 gravitate
736 2197 1024 2310 investignmus
1038 2237 1047 2282 ε
1063 2211 1104 2286 dt
1119 2199 1285 2315 quider'n
1297 2199 1461 2316 quando
1476 2205 1561 2284 exi-

182 2337 286 2422 gua,
304 2311 373 2398 vel
392 2309 516 2398 etiam
532 2313 754 2400 mediocria
770 2311 862 2400 sunt
881 2316 1086 2430 pondera,
1106 2345 1167 2400 res
1183 2313 1399 2416 commode
1417 2311 1561 2429 hujus-

182 2429 287 2514 modi
306 2425 468 2512 bilance
486 2429 694 2543 perficitur
709 2461 722 2526 5
740 2459 782 2516 at
796 2428 868 2516 ubi
885 2436 1117 2542 ingentium
1132 2429 1376 2518 sarcinarum
1394 2433 1560 2548 quanti-

183 2569 237 2626 tas
249 2541 613 2644 examinandaest‚
632 2545 791 2660 prorsus
805 2539 1111 2633 incommodum
1126 2539 1223 2635 esset
1240 2575 1483 2664 opportunas
1494 2546 1560 2632 bi-⁴

179 2653 315 2744 lauces
333 2685 403 2746 aut
415 2657 566 2746 habere
579 2690 676 2760 qaut
687 2661 884 2752 adhibere
895 2689 1018 2778 rquot
1034 2667 1145 2748 enim
1161 2673 1202 2748 &
1215 2689 1366 2779 quanta
1380 2663 1562 2778 pondera

181 2801 319 2886 parare
337 2803 565 2892 oporteret,
583 2803 628 2859 ut
646 2805 838 2864 centenas
846 2777 1003 2894 aliquot
1016 2777 1108 2863 faeni
1123 2777 1241 2863 libras
1254 2839 1266 2878 ,
1281 2775 1347 2862 seu
1362 2805 1563 2862 mereato-
1652 2861 1659 2873 ,

182 2892 254 2994 rios
266 2887 393 2978 fasces
407 2951 420 2990 ,
436 2885 503 2974 seu
520 2887 652 2974 saccos
672 2892 809 2978 sarinae
829 2893 969 3010 plenos
988 2895 1334 3008 expenderemus?
1355 2903 1397 2980 δι
1413 2923 1463 2978 ex
1480 2894 1561 2976 alio

180 2999 223 3088 in
239 3003 366 3090 aliurn
381 3003 517 3090 locum
531 3005 559 3090 sr
571 3007 847 3096 transferenda
859 3005 956 3094 effer
968 3007 1068 3094 libra
1082 3037 1176 3094 curn
1188 3007 1379 3122 legitimis
1399 3011 1558 3124 ponde-

178 3118 287 3208 ribus
303 3147 423 3206 tantae
441 3127 674 3236 gravitatis,
692 3154 831 3210 nonne
843 3153 956 3240 opus
980 3119 1077 3212 esset
1100 3124 1301 3240 plaustro,
1323 3152 1368 3208 ut
1386 3126 1469 3210 tim
1490 3131 1557 3208 in-

180 3263 277 3348 gens
288 3269 396 3322 onus
409 3239 453 3322 in
472 3235 718 3324 destinatum
731 3237 869 3326 locum
885 3237 1235 3326 transveheretur?
1252 3240 1391 3354 Qrare
1406 3247 1560 3325 Statera

182 3357 410 3466 excogitata
426 3351 485 3438 est
503 3381 695 3468 tanquam
709 3353 811 3440 libra
828 3356 1088 3442 brachiorum
1110 3355 1396 3468 inaequalium,
1419 3361 1462 3438 in
1478 3355 1561 3470 quit

180 3469 338 3582 pondus
356 3473 490 3559 minus
512 3467 687 3582 longiori
708 3469 878 3580 braehio
899 3473 1105 3558 adnexum
1134 3468 1299 3585 aequalia
1325 3471 1450 3560 habet
1468 3502 1558 3555 mo-

181 3613 317 3702 menta
328 3614 424 3670 cum
437 3589 578 3700 majori
598 3585 801 3700 pondere,
817 3587 928 3704 quod
944 3617 995 3672 ex
1013 3585 1196 3672 breviore
1209 3583 1378 3670 brachio
1393 3585 1557 3702 suspen·

178 3699 297 3794 ditur.
347 3701 425 3786 Sed
451 3731 503 3784 ne
524 3707 633 3784 varia
654 3703 832 3814 pondera
857 3708 902 3786 in
917 3729 1107 3816 promptu
1129 3699 1279 3786 habere
1301 3730 1554 3813 cogeremur,

179 3845 268 3930 quae
290 3813 486 3930 longioris
512 3816 667 3929 brachij
696 3822 943 3903 extremitati
967 3819 1314 3914 mederentur,
1346 3845 1420 3932 pro
1447 3818 1557 3902 varii

180 3935 311 4017 oneris
335 3927 533 4043 gravitate
567 3930 842 4045 explorandi,
865 3929 1144 4046 sapientifflmd
1171 3927 1194 4018 d
1226 3932 1444 4045 majoribus
1475 3931 1554 4014 lla-

178 4073 261 4158 tera
284 4045 513 4154 coustrudia
536 4045 595 4130 est
637 4075 726 4162 qua
750 4050 898 4134 'eodem
926 4051 1185 4164 aequipondio
1204 4043 1329 4132 modd
1355 4053 1398 4130 in
1422 4049 1553 4158 majo·

157 4189 251 4276 re,
276 4158 404 4252 modo.
434 4165 478 4246 in
503 4167 659 4246 minore
679 4161 872 4250 distantii
897 4159 920 4248 i
945 4193 1086 4248 centro
1109 4161 1243 4250 motils
1257 4223 1269 4262 ‚
1287 4161 1576 4276 aequilibrium

176 4275 450 4362 constitueret.
501 4279 561 4362 Ex
590 4309 673 4392 quo
699 4277 746 4362 fit
771 4277 955 4365 stateram
980 4281 1152 4366 eandem
1176 4284 1280 4362 vires
1305 4275 1436 4363 subire
1459 4279 1554 4393 plu-

176 4385 280 4476 rium
302 4391 522 4491 librarum,
548 4419 667 4506 prout
690 4391 804 4510 plura
827 4395 1022 4508 longioris
1047 4395 1203 4504 brachij
1222 4397 1371 4508 puosla
1388 4417 1556 4510 percur-

175 4515 225 4592 rit
248 4511 550 4622 aequipondrurn
570 4542 581 4600 3
602 4537 811 4596 mutantur
835 4513 1032 4630 siquidem
1057 4515 1252 4594 Rationes
1272 4507 1556 4594 distantiarum

173 4625 403 4742 ponderum
425 4686 437 4724 ,
458 4651 650 4710 manente
668 4625 812 4716 eidem
833 4633 1032 4742 mercium
1057 4623 1079 4710 d
1104 4623 1234 4740 sparto
1256 4622 1475 4728 distantis,
1503 4654 1551 4710 ac

1197 4741 1273 4858 Pr
