3794 5270
274 138 289 172 s
804 135 812 146 .

493 184 651 304 Liber
673 191 900 310 oliavtrs.
937 185 1159 300 CAPuT
1191 190 1228 296 1.
1328 312 1332 324 ¹
1429 196 1507 327 76
1518 229 1542 333 y

166 351 290 474 spira,
308 363 350 442 δι
363 349 530 438 vicillim
549 355 847 470 prominentem
868 345 1115 459 receptaculi
1131 331 1465 462 spiram‘excipiat
1479 353 1557 438 de-

164 468 294 588 prella
314 469 486 583 cylindri
512 467 625 586 spira.
662 469 723 550 Ex
749 496 833 580 quo
854 463 930 559 lit,
959 492 1005 546 ut
1029 463 1272 551 convolutus
1300 469 1409 548 circa
1439 464 1556 554 suum

167 619 287 676 axem
301 587 506 700 cylindrus
521 583 727 672 attollatur
738 609 809 666 aut
825 577 1100 693 deprimatur,
1116 579 1341 668 adducatur
1352 609 1423 664 aut
1436 585 1558 684 redus-

166 733 307 802 catur,
321 733 441 820 prout
453 733 555 820 opus
568 702 713 796 fuerit,
729 726 852 810 atque
866 727 960 780 curn
974 727 1025 780 eo
1040 725 1185 812 corpus
1203 695 1284 782 llasr
1297 694 1404 782 illius
1416 705 1561 814 proxi-v

127 827 148 848 “
167 849 308 920 mum,
325 815 393 904 leu
407 820 613 906 adnexum
628 842 842 930 urgeatur,
856 839 926 896 aut
940 815 1142 912 trahatur,
1157 811 1362 916 elevetur,
1378 846 1449 902 aur
1462 845 1556 933 pte·-¹

168 965 315 1022 matur.
1483 1023 1488 1032 ,
1533 1007 1537 1024 .
1600 943 1606 958 “

229 1051 533 1164 Vulgatiffimus
551 1077 688 1136 autem
707 1063 750 1140 &
768 1047 1110 1168 frequentiffimus
1125 1043 1184 1134 est
1204 1046 1325 1156 hujus
1340 1047 1560 1150 facultatis

168 1165 283 1268 usus,
299 1169 369 1254 ubi
389 1167 633 1284 potillimlrm
653 1193 753 1282 opus
770 1167 833 1253 est
847 1164 980 1254 validr‘l
991 1164 1207 1281 pressione,
1226 1172 1330 1250 ur'in
1347 1165 1478 1282 praelis
1491 1168 1558 1266 vr-

169 1289 291 1370 nariis
307 1286 360 1370 ad
376 1285 687 1400 exprimendum
706 1316 758 1372 ex
776 1315 864 1370 uvae
883 1289 967 1399 jam
996 1276 1134 1396 prellae
1157 1281 1336 1406 reliquiis
1361 1283 1559 1378 tortivum

170 1401 372 1512 mustum,
392 1401 502 1516 apud
525 1402 800 1516 typographos
822 1401 876 1486 ad
894 1397 1183 1514 imprimendos
1208 1396 1387 1507 subjerrae
1406 1402 1557 1491 chartae
1659 1395 1664 1404 ¹

170 1549 224 1604 ex
249 1521 355 1633 typis
375 1519 655 1617 characteres,
680 1519 789 1634 apud
805 1515 1135 1630 bibliopaegosad
1158 1519 1485 1630 comprimendos
1504 1520 1557 1604 li-

134 1645 137 1658 '
173 1635 265 1720 bros
281 1638 385 1744 ,jam
408 1637 665 1746 compados,
690 1635 799 1750 apud
817 1631 952 1720 fabros
968 1629 1153 1717 ferrarios
1169 1633 1220 1718 ad
1239 1635 1454 1722 firmandas
1474 1636 1559 1723 fcr-

173 1782 259 1838 reas
288 1751 456 1836 laminas
486 1745 583 1836 lima
607 1749 901 1866 expoliendas,
941 1779 1066 1867 atquc
1100 1749 1208 1862 apud
1240 1749 1338 1834 alios
1367 1751 1562 1848 artifices.-

171 1873 436 1982 Qamquam
451 1879 492 1959 δι
510 1865 709 1980 saepillime
722 1867 931 1952 clavorum
942 1863 1055 1964 loco,
1070 1863 1218 1982 quibus
1230 1865 1343 1978 ligna
1358 1927 1367 1962 ,
1386 1898 1557 1960 autmc-

173 1987 316 2070 tallicae
332 1987 490 2070 larninae
502 1979 881 2096 configunturcitrd
896 1981 1032 2068 mallei
1045 1981 1334 2099 percussionem
1349 2043 1360 2080 ,
1378 1986 1561 2080 cochleis

172 2105 350 2200 utimur,
366 2111 409 2188 &
425 2101 657 2216 quidcm'ad
677 2101 913 2186 validiorem
927 2126 1051 2217 atque
1085 2129 1286 2210 ⁸erenncrn
1302 2100 1560 2200 firmitatems

171 2217 434 2334 nequeenim
449 2215 586 2303 revelli
601 2217 733 2333 potest
745 2215 939 2313 cochlea,
954 2243 1024 2299 aut
1038 2127 1174 2302 clenti
1189 2277 1200 2314 ,
1213 2218 1561 2331 quemadmodum

171 2335 323 2420 clavus.
369 2335 449 2420 Sed
463 2362 563 2424 tunc
581 2331 811 2444 hujusmodi
825 2330 1006 2420 cochleae
1020 2361 1313 2420 nonexereent
1326 2331 1410 2418 vim
1428 2335 1559 2424 facul-

174 2450 267 2536 tatis
281 2451 566 2546 Mechanicaes
593 2477 762 2538 eatenus
786 2447 938 2535 scilicet
957 2447 1129 2536 validius
1149 2511 1160 2550 ,
1184 2444 1309 2566 qudm
1325 2443 1427 2537 clavi
1445 2515 1457 2551 ‚
1477 2455 1563 2540 duo

172 2597 368 2686 corpora,
389 2598 479 2684 quac
494 2571 839 2683 compinguntur,
858 2569 1110 2651 connectunt
1125 2625 1137 2665 ,
1153 2594 1354 2680 quatenus
1365 2567 1481 2660 multi
1485 2569 1562 2684 pli-

171 2715 240 2771 ces
257 2696 301 2769 in
318 2684 536 2796 cylindruli
550 2683 654 2770 facie
667 2681 881 2772 solidarum
894 2679 1086 2796 spirarum
1095 2683 1241 2768 donus
1255 2681 1439 2798 pluribus
1452 2692 1563 2772 cavis

174 2801 421 2889 foraminum
436 2797 547 2916 spiris
561 2799 823 2914 implicantur
838 2829 889 2885 ex
904 2797 1123 2910 cylindruli
1146 2797 1437 2886 convolutione
1455 2837 1468 2898 ι
1489 2807 1563 2918 qui

176 2946 391 3034 propterea
416 2921 541 3002 eximi
571 2946 656 3003 non
684 2915 850 3033 potest,
879 2915 954 3000 nili
972 2921 1015 2998 in
1037 2921 1285 3002 contrarium
1307 2916 1563 3019 revolvaturr

177 3034 363 3147 quandiu
382 3035 549 3148 quidem
568 3039 846 3149 incorruptum
860 3028 1069 3146 permanet
1087 3033 1246 3146 lignum
1260 3062 1397 3146 neque
1410 3035 1563 3122 exhu-

177 3179 292 3236 more
309 3147 565 3265 putrescens,
586 3179 721 3264 neque
735 3147 959 3250 vermiculo
973 3147 1170 3234 erodente
1185 3147 1381 3234 cariosum
1399 3211 1410 3247 ,
1427 3181 1565 3266 neque

177 3266 312 3352 calore
325 3271 454 3350 nimio
476 3271 529 3348 ita
546 3265 895 3381 discedensatque
908 3263 1144 3363 dehiscens,
1160 3295 1205 3350 ut
1220 3263 1353 3350 laxato
1363 3267 1563 3358 foramine

175 3386 261 3493 jam
281 3414 365 3466 non
386 3381 558 3499 amplius
586 3381 709 3468 solida
737 3379 956 3494 cylindruli
985 3377 1088 3498 spira
1115 3382 1436 3494 congruentibus
1461 3384 1563 3474 striis

172 3513 422 3584 coerceatur.
541 3587 544 3601 ,
1059 3557 1061 3562 -
1157 3517 1161 3558 >

234 3615 352 3700 Hinc
371 3615 431 3701 est
455 3620 499 3700 in
519 3612 779 3702 sustentando
805 3614 986 3728 pondere
1010 3645 1061 3701 ex
1079 3609 1249 3700 cochlerl
1267 3611 1561 3734 lirlpensopro-

174 3731 340 3852 proprie
352 3763 436 3818 non
446 3737 626 3825 exerceri
640 3737 724 3817 vim
736 3731 1049 3828 Meshan'icams
1064 3729 1294 3818 nihileninr
1306 3731 1476 3850 amplius
1493 3768 1562 3824 co·

175 3881 300 3938 nante
313 3849 502 3938 Potentid
519 3851 890 3964 (quemadmodum
907 3851 951 3932 in
967 3855 1095 3938 Vecte
1107 3911 1118 3948 ,
1131 3878 1203 3934 aut
1218 3853 1310 3936 Axe
1326 3849 1369 3932 in
1383 3855 1560 3938 Peritro·

67 4001 69 4006 ·
177 3969 276 4056 chio
294 4031 305 4067 ‚
322 3997 393 4052 aut
415 3967 518 4052 fune
530 3965 827 4054 T'rochlearum
844 3962 1058 4052 retinendo
1083 3995 1184 4082 opus
1198 3963 1279 4065 est,
1296 3972 1563 4086 quae.porrdus
1684 4011 1685 4016 ι

173 4087 349 4174 clevavit
365 4082 588 4170 convoluto
602 4080 787 4196 cylindro
797 4083 843 4167 in
857 4083 1067 4168 cochleam
1080 4084 1330 4182 deformato,
1348 4083 1562 4204 solaspira.

174 4233 266 4290 rum
280 4233 387 4286 cave
410 4229 533 4316 atquc
550 4229 741 4288 convexae
760 4197 989 4316 complexio
1005 4201 1155 4298 efficit,
1174 4227 1220 4282 ut
1240 4199 1561 4312 cylindruscunr
1649 4243 1656 4254 ·

171 4323 334 4408 adnexo
348 4319 529 4436 pondere
542 4324 785 4418 retineatur,
798 4349 852 4405 ne
863 4320 1040 4416 recidat,
1056 4316 1291 4434 quatenusal
1308 4315 1558 4426 subjecturo-

175 4437 394 4523 culamenri
410 4431 874 4552 spirdsolidtlsullinetut
891 4435 1259 4550 :quemadmodum
1287 4433 1565 4524 &subscrrdi-
1598 4435 1601 4445 ’

47 4659 52 4668 ¹
174 4549 1563 4668 buscornpagerncohibentibusaccidit,quatenussecuriclaerlmi·

174 4699 275 4773 nore
291 4693 336 4752 nr
352 4671 545 4783 majorem
554 4665 1560 4873 amplitudinemerrplicassageqqffentisrecepta·
1689 4773 1699 4802 ,

1307 4825 1327 4872 2
