3794 5266
391 197 513 336 408¹
654 235 657 242 ⁴
869 171 1290 298 Mechanitnnm

782 635 1149 778 orror
1228 670 1378 780 vn

331 1007 337 1012 κ
446 939 607 1098 Qid
637 935 858 1090 consitat
887 945 1117 1056 Potentia
1155 944 1409 1054 moventis
1440 939 1712 1098 applicatio

920 1099 992 1212 ad
1025 1113 1228 1216 veliem.

511 1381 684 1468 uoniam
698 1371 850 1490 duplex
865 1371 924 1462 est
945 1379 1141 1466 Potentiae
1161 1405 1315 1492 genus,
1332 1376 1410 1466 alia
1424 1375 1620 1491 fiquidem
1635 1371 1767 1460 inani·

512 1525 577 1580 ma
591 1495 675 1591 est,
691 1495 807 1598 cujus
828 1521 997 1578 conatus
1028 1493 1252 1580 secundum
1278 1497 1423 1581 retiam
1442 1495 1589 1578 lineam
1613 1496 1654 1574 in
1669 1523 1767 1580 cen-

394 1643 532 1709 trum,
560 1609 625 1695 vel
644 1605 845 1706 icentro,
869 1609 1085 1722 dirigitur,
1106 1637 1226 1726 prout
1243 1616 1375 1724 gravis
1391 1609 1451 1694 est
1466 1635 1536 1704 aut
1550 1609 1674 1706 levis,
1695 1611 1769 1696 alia

385 1728 459 1814 ‘est
485 1726 656 1820 vivens,
675 1753 764 1838 quae
787 1751 860 1839 pro
877 1721 985 1812 varii
1005 1725 1278 1811 musculorum
1305 1724 1557 1820 intentione,
1576 1752 1624 1806 ac
1639 1753 1768 1808 mem-

397 1843 565 1928 brorum
581 1839 805 1925 inflexione
817 1845 862 1922 in
884 1839 1004 1926 aliam
1018 1869 1142 1957 atque
1158 1839 1276 1925 aliam
1300 1869 1457 1956 partem
1473 1837 1596 1950 dirigi
1615 1841 1768 1952 potestr

399 1959 578 2056 idcirco,
598 1951 824 2065 cujusmodi
840 1953 1019 2070 potentii
1034 1964 1094 2040 uti
1108 1956 1253 2058 liceat,
1271 1957 1607 2042 considerandum
1626 1953 1709 2068 est,
1728 1985 1770 2040 ut

266 2063 271 2084 ’
399 2073 812 2188 opportunumvellis
825 2099 955 2181 genus
973 2071 1156 2186 eligatur.
1200 2079 1310 2160 Nam
1326 2074 1353 2154 st
1371 2076 1493 2156 vellis
1509 2067 1628 2187 primi
1645 2098 1770 2184 gene·

397 2194 451 2272 ris
463 2187 709 2302 deprelfione
722 2183 991 2274 attollendum
1005 2190 1052 2271 stt
1067 2190 1254 2302 pondus,
1279 2199 1320 2274 ὅ(
1340 2192 1522 2302 potentia
1545 2187 1592 2268 fit
1616 2185 1768 2282 vivens,

398 2329 446 2388 ut
464 2301 616 2400 homo,
636 2306 762 2414 major
784 2301 842 2384 est
856 2306 1049 2388 movendi
1073 2303 1269 2401 facilitas,
1288 2332 1376 2386 tum
1394 2307 1488 2418 quia
1506 2301 1631 2416 i‘psum
1646 2307 1768 2386 vestis

398 2419 559 2534 pondus
573 2423 797 2530 potentiam
807 2421 925 2530 juvat
940 2417 1007 2504 sud
1021 2423 1244 2530 gravitate,
1263 2435 1352 2502 tu'm
1371 2425 1467 2532 quio
1484 2422 1527 2500 in
1543 2417 1770 2532 hujusmodi

400 2533 649 2646 deprellrone
663 2535 786 2616 vetris
801 2561 887 2614 non
912 2530 1039 2618 solum
1061 2531 1348 2634 brachiorum,
1367 2535 1570 2618 sedetiam
1587 2537 1769 2648 quando·

400 2677 484 2761 que
501 2652 625 2731 totius
653 2649 825 2734 humani
849 2653 1026 2762 corporis
1041 2643 1145 2734 velli
1167 2647 1443 2734 incumbentis
1464 2711 1476 2748 ,
1506 2650 1570 2754 uel
1588 2679 1641 2734 ex
1659 2654 1771 2735 tede

398 2761 617 2876 pendentis
631 2770 804 2875 gravitas
816 2791 1070 2848 momentum
1083 2796 1166 2849 non
1183 2762 1271 2848 leve
1284 2767 1397 2850 addit
1410 2763 1676 2876 contentioni,
1692 2793 1769 2881 qua

400 2876 528 2962 virtus
541 2877 733 2963 movendi
746 2883 945 2992 impetum
960 2883 1064 2964 volti
1081 2877 1314 2992 imprimens
1332 2879 1570 2967 connititur,
1613 2887 1681 2965 Sin
1697 2912 1767 2966 au·

400 2998 612 3094 temvede
640 2991 840 3090 secundi,
869 3000 1070 3108 aut'tertij
1101 2999 1259 3108 generis
1287 2993 1530 3086 elevandum
1549 2997 1595 3078 stt
1613 2998 1768 3112 pondus

378 3105 533 3206 tidem,
550 3105 632 3223 ipsa
649 3111 772 3194 vetris
790 3115 964 3222 gravitas
978 3110 1129 3208 officit,
1150 3139 1271 3224 quam
1288 3117 1437 3226 paritet
1456 3143 1551 3197 cum
1566 3106 1649 3225 ipio
1665 3143 1766 3228 pon-

398 3223 499 3310 dere
511 3222 692 3308 attollere
708 3229 893 3338 oportet,
912 3234 954 3312 δι
968 3226 1118 3336 majore
1139 3223 1288 3311 virium
1307 3232 1570 3314 contentione
1584 3259 1683 3348 opus
1699 3227 1769 3328 est,

399 3365 446 3424 ut
462 3331 711 3454 experiendi
729 3341 936 3425 docemur.
1533 3429 1537 3444 ¹

369 3487 382 3520 τ
460 3453 618 3566 Veritm
633 3453 757 3553 illud,
778 3457 889 3571 quod
906 3450 975 3540 hic
994 3458 1236 3572 potiffimum
1250 3463 1564 3548 examinandum
1580 3464 1772 3578 proponit

400 3599 499 3667 tur,
529 3571 590 3670 est
608 3567 691 3684 ipsa
719 3576 947 3694 potentin,
981 3603 1251 3690 quacumque
1277 3577 1344 3660 illa
1369 3580 1446 3677 stt,
1475 3581 1691 3694 applicatio
1719 3577 1767 3660 ad

403 3689 563 3770 venem
578 3723 587 3770 ε
608 3685 869 3800 nequeenim
884 3683 1070 3789 satisest,
1087 3691 1116 3773 sr
1136 3690 1205 3774 illa
1220 3699 1464 3778 extremitati
1481 3701 1605 3778 vedis
1620 3696 1764 3802 adjun-

400 3827 542 3914 gatur,
559 3830 629 3886 aut
648 3829 761 3884 certo
776 3804 1056 3916 quodamlneo
1072 3806 1117 3894 in
1140 3811 1256 3893 vene
1275 3809 1380 3923 tertij
1397 3816 1557 3923 generis
1579 3811 1768 3896 collocata

400 3917 653 4030 intelligatur
674 3951 686 4012 3
714 3913 782 4002 scd
799 3918 976 4019 maxime
988 3923 1287 4011 ¹attendendum
1310 3925 1398 4026 est,
1416 3925 1637 4014 secundum
1653 3953 1767 4042 quam

397 4031 550 4122 lineam
570 4035 761 4146 potentiae
783 4062 914 4118 motus
928 4037 1129 4150 dirigatur
1140 4073 1152 4136 5
1168 4037 1324 4125 diversa
1340 4045 1491 4158 quippe
1509 4041 1602 4138 sunt
1625 4071 1764 4159 poten-

400 4149 466 4236 tiae
480 4175 687 4236 momenta
709 4176 783 4262 pro
797 4149 874 4232 alia
893 4176 1018 4264 atque
1037 4141 1114 4238 ilia
1130 4153 1360 4266 hujusmodi
1380 4153 1513 4245 motlrs
1531 4158 1765 4254 dirtstiont,

398 4293 599 4382 quatenus
616 4295 710 4350 cum
723 4265 838 4349 vene
850 4295 1116 4380 comparatur.
1160 4275 1520 4388 Quemadmodum
1533 4281 1645 4362 enim
1662 4275 1686 4355 fi
1701 4301 1765 4390 po·

399 4383 528 4468 tentia
544 4383 699 4462 veliem
715 4407 876 4491 urgeat,
897 4411 967 4466 aut
982 4387 1115 4470 trahat
1131 4448 1142 4484 ,
1159 4389 1275 4494 juxta
1293 4387 1471 4506 ejusdem
1485 4393 1612 4478 vestis
1627 4395 1671 4476 in
1690 4391 1761 4500 hy·

400 4493 621 4612 pomochlij
637 4496 788 4613 punllo
805 4495 948 4585 firman·
965 4498 1291 4611 longitudinem,
1311 4505 1412 4590 nihil
1430 4505 1590 4620 prorsus
1603 4511 1647 4590 in
1666 4530 1762 4624 pon·

398 4613 497 4698 dere
517 4609 663 4709 efficies
676 4613 733 4700 ita
746 4609 913 4731 quoqu&
933 4613 1020 4701 stin
1034 4615 1651 4744 vedislongitudinemoblique
1665 4619 1760 4710 inci-

1697 4739 1760 4824 dot
