3780 5270
467 215 1237 373 Liberquintus.CA1²uTlli.
1433 257 1526 358 5²¹3

156 383 297 468 tamen
310 381 435 498 opere
449 377 607 500 prorsus
615 375 771 462 inutilis
779 377 983 464 accideret
994 407 1083 477 ‚tam
1099 373 1295 493 exquisita
1306 365 1532 464 accuratio:

155 496 249 584 satis
268 503 423 614 quippe
442 497 504 582 cst
528 500 690 582 circiter
710 493 826 580 illum
842 496 1015 605 gradum
1040 493 1209 610 cjtisque
1230 500 1386 580 minuta
1406 504 1535 612 prima

156 641 289 699 totam
308 619 554 729 appingere,
582 614 764 700 indicem
780 616 903 730 partis
926 673 939 712 ‚
969 611 1032 699 vel
1047 618 1222 728 partium
1250 607 1534 700 semidiametri

159 735 355 845 tympani.

219 839 396 956 Qartb.
419 843 665 960 Funiculum
680 847 762 933 Axi
777 840 1025 928 insistentem
1036 903 1047 941 ,
1064 849 1106 930 &
1119 841 1238 930 facili
1252 873 1535 934 excurrentem

156 966 217 1048 ita
238 960 432 1077 dispone,
448 989 494 1044 ut
514 959 729 1076 plumbeus
745 960 890 1075 globus
905 966 948 1044 in
970 959 1055 1067 ejus
1070 965 1323 1046 extremitate
1336 963 1541 1076 pendulus

156 1077 349 1164 intendat
380 1077 612 1163 funiculum
638 1075 800 1196 ipsum,
827 1075 970 1192 quiin
997 1083 1179 1194 tympani
1205 1076 1331 1162 limbo
1355 1077 1540 1191 designet

158 1200 383 1314 poncium,
399 1221 472 1310 per
486 1198 599 1310 quod
617 1196 759 1280 tranfit
772 1192 879 1278 linea
894 1193 1236 1310 perpendicularis
1251 1192 1302 1278 ab
1318 1193 1418 1280 Axis
1442 1224 1541 1279 cen-

157 1318 278 1398 troin
296 1313 554 1404 horizontem
575 1309 837 1397 descendens.
889 1313 999 1394 Tum
1013 1307 1065 1394 ab
1085 1311 1168 1396 hoc
1184 1313 1336 1425 punclo
1350 1307 1542 1426 usquead

156 1433 386 1546 pendium,
414 1425 485 1510 ubi
515 1426 562 1510 lit
579 1426 881 1543 aeqttilibrimn‚
908 1423 1086 1510 sumatur
1101 1425 1390 1526 intervallum,
1415 1453 1541 1542 atque

158 1544 424 1628 transferatur
469 1539 514 1626 in
560 1546 842 1656 Quadrantem
877 1539 1339 1656 gradibus'distinilum
1377 1579 1386 1624 s
1428 1547 1539 1628 Nam

157 1663 385 1777 poncium,
408 1663 451 1742 in
479 1661 589 1773 quod
603 1661 655 1744 ab
676 1660 796 1745 initio
816 1657 1063 1774 Qadrantis
1077 1658 1186 1742 cadit
1202 1658 1325 1744 altera
1341 1653 1559 1744 observati.

159 1775 363 1871 intervalli
383 1779 637 1876 extremitas,
655 1777 851 1866 indicabit
867 1771 961 1858 noti
975 1775 1017 1856 in
1032 1769 1160 1858 limbo
1171 1773 1404 1889 praenotati,
1416 1771 1543 1890 quoti

161 1891 450 1991 semidiametri
476 1919 589 2006 parte
617 1894 739 1980 distet
763 1887 787 1976 i
810 1893 991 2006 tympani
1015 1917 1156 1974 centro
1182 1889 1354 2004 gravitas
1383 1891 1543 1976 calcans

886 2012 903 2048 4

162 2005 297 2124 ipsttm
310 2035 573 2122 tympanum,
595 2039 658 2110 cx,
670 2039 730 2124 gr.
754 2011 865 2124 3³-aut
887 2055 920 2126 3--
965 2006 1073 2094 Cum
1089 2009 1214 2118 igitur
1225 2034 1304 2116 yam
1316 2003 1544 2094 innotuerit

165 2141 291 2224 Ratio
312 2134 596 2220 semidiametri
622 2141 722 2221 Axis
740 2141 791 2224 ad
808 2136 1145 2224 semidiametrum
1164 2135 1371 2250 tympani,
1390 2131 1543 2224 scilicet

165 2251 455 2368 exbypothcsr
472 2248 523 2353 ἐς,
548 2253 619 2337 fiat
634 2281 681 2340 ut
701 2255 841 2340 frastio
867 2256 993 2340 index
1014 2249 1201 2339 Rationis
1226 2245 1543 2340 semidiametro·
1574 2299 1586 2312 -

165 2421 285 2489 rum,
306 2391 358 2474 ad
383 2384 619 2476 fradllonem
638 2382 683 2460 in
704 2374 831 2461 limbo
855 2403 1057 2470 notamm,
1082 2372 1139 2455 ita
1164 2375 1337 2484 gravitas
1352 2374 1543 2460 calcantis

167 2534 408 2622 tympanum
421 2509 471 2590 ad
482 2489 939 2614 gravitatcmvponderin
952 2519 1047 2574 cum
1058 2519 1142 2606 quo
1153 2487 1544 2601 facitaequilibrium,

167 2623 362 2710 videlicet
375 2620 520 2730 ut5¹32d
538 2614 582 2728 ξ,
603 2617 658 2693 ita
671 2613 844 2720 gravitas
858 2609 1036 2691 hominis
1049 2665 1060 2704 ,
1075 2631 1173 2720 puta
1186 2601 1345 2711 lib.250
1358 2665 1370 2704 ‚
1385 2607 1436 2692 ad
1453 2635 1545 2719 gra-

167 2761 340 2844 vitatem
356 2759 489 2838 oneris
511 2745 580 2834 lib·
599 2775 716 2853 ¹500·
761 2742 875 2826 Hinc
890 2769 1002 2857 patet
1019 2747 1063 2825 in
1080 2744 1232 2856 punito
1256 2743 1325 2840 D,
1345 2773 1416 2858 pcr
1432 2743 1546 2858 quod

168 2872 310 2957 transit
329 2869 438 2953 linea
460 2869 557 2955 OD
590 2887 761 2972 tangens
787 2863 921 2950 Axem
942 2867 996 2944 lc·
1010 2855 1198 2973 parallela-
1221 2859 1546 2971 perpendiculari

168 2991 203 3076 E
221 2991 266 3070 H
284 3015 334 3070 ex
354 3011 496 3069 centro
512 2971 710 3072 demillae,
727 2971 999 3088 aequilibrium
1011 2967 1091 3057 elie
1104 2977 1210 3056 inter
1225 2973 1440 3084 grpvitates
1455 3005 1546 3057 om-

170 3100 485 3216 nineae'quaies,
505 3127 551 3182 ac
566 3093 736 3209 proinde
748 3095 964 3174 minimum
976 3089 1135 3202 pondus
1151 3081 1229 3184 elie
1242 3087 1395 3201 aequale
1411 3093 1548 3200 gravi·
1613 3169 1618 3178 ,

169 3223 246 3304 tati
261 3217 438 3303 hominis
452 3211 643 3300 calcantis
658 3245 666 3288 ε
684 3209 794 3292 Nam
808 3206 835 3290 st
849 3209 955 3288 inter
968 3205 1013 3287 H
1030 3207 1124 3298 &D
1140 3203 1254 3286 fieret
1265 3205 1550 3316 aequilibrium,

165 3335 333 3451 pondus
348 3333 476 3416 levius
494 3325 591 3414 eilet
605 3323 728 3439 quim
737 3325 887 3421 homo,
903 3331 943 3408 bt
960 3322 1169 3404 communi
1186 3316 1328 3430 statori
1345 3316 1464 3402 facile
1477 3350 1550 3434 po-

170 3481 236 3536 tes
251 3445 400 3565 affcqui
425 3446 533 3530 illius
556 3445 808 3557 gravitatem.
852 3431 1083 3522 Maximnm
1098 3438 1233 3521 au'tem
1249 3434 1479 3547 pondusest
1499 3435 1548 3519 il-

174 3567 250 3654 lud
268 3628 279 3664 ‚
298 3563 410 3680 quod
434 3564 587 3648 indicat
609 3553 905 3642 semidiamcter
929 3555 1109 3666 tympani
1125 3538 1187 3638 lad
1208 3547 1550 3640 ‘semidiametrum

172 3687 299 3781 Axis,
315 3683 480 3766 homine
492 3679 684 3761 nimirum
702 3667 777 3756 suae
798 3667 1004 3785 gravitatis
1014 3669 1128 3750 trites
1143 3668 1360 3750 exercente
1375 3667 1419 3748 in
1439 3673 1550 3762 B,ac

173 3827 388 3916 propterea
405 3797 578 3910 gravitas
597 3789 787 3904 ponderis
806 3789 858 3874 ad
878 3788 1123 3902 gravitatem
1136 3781 1314 3904 hominis
1329 3789 1377 3868 in
1403 3775 1552 3896 bellet

173 3946 241 4022 cx.
255 3942 312 4024 gr.
335 3915 378 3998 in
398 3914 574 3997 Ratione
593 3903 777 4022 decupli.
1272 3901 1299 3936 ·’

237 4029 342 4114 Illud
363 4057 499 4112 tamen
512 4022 581 4112 hic
595 4021 825 4138 perpende,
845 4011 986 4138 quiid,
1002 4013 1030 4098 sr
1044 4015 1343 4102 homo‘calcans
1355 4013 1398 4092 in
1416 4012 1466 4107 B,
1481 4035 1553 4093 aut

176 4145 278 4230 indi
296 4145 501 4258 pendens,
515 4171 600 4224 non
615 4141 743 4222 volvit
760 4139 914 4232 Axem,
932 4161 1054 4248 atque
1070 4126 1176 4216 adeb
1192 4159 1274 4214 non
1288 4125 1434 4210 attollit
1446 4155 1551 4238 pon-

101 4255 106 4262 ’
178 4261 256 4350 dus
266 4263 492 4358 adnexum,
512 4285 596 4340 non
616 4252 796 4350 constat,
812 4280 863 4334 an
877 4247 922 4334 lit
936 4247 1203 4363 aequilibrium
1215 4307 1227 4346 ‚
1243 4245 1353 4328 idem
1364 4247 1475 4326 enim
1485 4269 1554 4324 ac·-

180 4378 339 4464 cideret
352 4380 498 4474 etiam,
514 4373 541 4456 sr
557 4371 717 4487 pondus
736 4362 833 4454 elset
844 4360 977 4450 multb
991 4367 1121 4476 majus
1137 4397 1148 4456 3
1172 4391 1220 4445 ac
1235 4361 1403 4476 proinde
1420 4381 1554 4471 neque

179 4474 338 4580 constat
355 4493 407 4578 dc
419 4485 595 4602 ejusdcm
611 4487 799 4602 ponderis
817 4487 1013 4597 gravitate
1030 4479 1102 4562 nist
1119 4481 1200 4562 hoc
1211 4537 1222 4576 ,
1233 4479 1344 4591 quod
1362 4476 1408 4556 lit
1419 4499 1463 4556 nt
1477 4476 1554 4554 mi·

181 4615 343 4702 nimmn
351 4607 523 4723 decupla
534 4601 740 4718 gravitatis
753 4603 954 4695 hominist
970 4595 1269 4804 qniamiynimm
1282 4617 1492 4704 nunquam
1504 4585 1556 4671 il·

188 4764 199 4782 ·
326 4750 333 4761 ·
1163 4739 1233 4798 uu
1279 4741 1299 4790 2
