3808 5262
389 338 394 344 ·
510 185 667 300 Liber
685 177 883 308 terraer.
930 201 1143 318 CAPUT
1177 205 1247 310 ll.
1455 238 1555 352 ²45

178 349 338 464 panno
355 345 404 434 'O
417 341 609 463 ‘suspendi
633 349 895 464 cylindrum,
921 367 963 446 dt
983 341 1136 462 fal-ium
1153 359 1214 446 est
1234 362 1382 475 pariter
1401 366 1562 478 aequili-
1633 371 1638 386 '

140 479 147 488 '
180 467 321 550 brinm
339 465 581 550 exat'liffime
608 470 653 554 in
675 471 730 568 Ε,
750 471 852 556 ficut
876 471 1020 590 prilts,
1045 505 1139 562 cum
1161 471 1322 590 jacebat
1340 473 1456 594 super
1478 483 1559 568 AI.

176 581 351 680 Deinde
365 581 594 694 cylindrum
604 587 803 672 eumdem
814 593 961 674 iterum
973 589 1310 708 parallelepipedo
1322 589 1491 708 imposui
1501 601 1560 710 ja-

177 725 371 794 centem,
388 695 455 782 sed
472 727 521 782 ea
539 700 822 788 rationeillum
843 699 954 790 ultrd
974 703 1163 822 cttrdque
1179 709 1491 825 promovebam,
1511 739 1562 796 ut

177 815 352 902 omnino
368 811 497 927 prope
519 812 696 900 fulcrum
720 819 975 920 confisteret,
995 822 1130 909 donec
1147 823 1480 911 demunfauum
1496 827 1558 914 est

179 925 454 1043 aequilibrium
469 933 513 1012 in
536 931 605 1029 H,
629 942 672 1022 ὃ(
693 932 773 1020 fuit
791 935 885 1022 HA
903 936 1070 1053 palma.
1088 969 1239 1028 unctio
1253 943 1304 1049 {32
1325 939 1558 1030 faeavero

177 1062 439 1182 suspensione
458 1060 631 1172 cylindri
658 1093 710 1150 ex
732 1065 787 1164 L,
808 1069 865 1152 ita
889 1093 934 1151 ut
955 1067 1046 1150 HL
1072 1061 1169 1151 ell'et
1184 1067 1393 1155 dimidiata
1421 1067 1556 1184 cylin-

176 1185 241 1268 dri
249 1175 668 1298 jacentislongitudo‚
688 1181 958 1294 aequilibrium
965 1187 1114 1298 pariter
1132 1187 1176 1266 in
1197 1185 1242 1266 H
1263 1185 1496 1271 fadumest.

237 1290 396 1384 Relicta
418 1295 545 1404 igitur
570 1292 636 1378 illl
653 1292 849 1381 festorum
870 1296 1081 1412 analogii,
1106 1299 1360 1414 deprehendi
1378 1331 1451 1417 per
1467 1299 1557 1388 illas

179 1414 350 1532 quidem
360 1408 414 1505 ob
428 1408 566 1493 oculos
581 1417 677 1527 poni
691 1437 847 1497 motum
857 1473 869 1512 ‚
887 1441 972 1498 non
985 1407 1085 1520 verd
1105 1441 1370 1515 momentum,
1383 1417 1448 1500 seu
1460 1447 1554 1534 pro-

178 1528 415 1648 pensionem
429 1527 481 1610 ad
498 1555 655 1612 motum
671 1588 686 1626 ,
704 1557 793 1644 quat
804 1559 854 1612 ex
867 1527 1057 1614 distantid
1070 1525 1093 1612 i
1104 1543 1244 1614 cen'tto
1261 1531 1394 1616 motus
1412 1537 1455 1617 in
1467 1535 1556 1648 rpsd

177 1641 439 1755 longitudine
454 1640 780 1729 definiendaest:
799 1655 840 1730 ὅ(
859 1645 970 1760 quod
981 1645 1032 1729 ad
1046 1648 1282 1758 gravitatem
1292 1653 1450 1741 attinet,
1462 1649 1532 1732 nul

175 1761 241 1848 lus
253 1761 358 1846 mihi
376 1755 536 1842 felinus
548 1757 608 1842 est
625 1758 840 1846 dubitandi
859 1761 972 1846 locus
990 1765 1048 1844 ita
1060 1765 1373 1875 computandam
1385 1757 1464 1850 elle
1485 1785 1558 1848 t0-‘

177 1883 258 1962 tius
274 1875 414 1962 brachi
414 1876 433 1986 j
448 1879 686 1985 gravitatem
699 1875 776 1991 'per
796 1873 926 1991 ipsum
944 1876 1194 1992 aequabiliter
1210 1874 1424 1978 diffusam,
1440 1879 1552 1993 quast

175 2021 262 2078 tota
280 1999 325 2076 in
335 1985 545 2078 dimidiati
559 1991 749 2080 distantiai
767 1987 943 2078 altentro
958 1987 1092 2078 motus
1105 1991 1392 2099 collocaretur:
1406 2023 1555 2108 quam-

175 2117 237 2196 vis
250 2113 363 2194 enim
381 2105 885 2224 particularum‘gtavinm,
901 2137 991 2224 quae
1008 2100 1553 2221 ultrdlemiffemlongitudi·

176 2230 239 2310 nis
255 2220 427 2337 magi-sd
444 2249 589 2307 centro
599 2251 858 2310 removentur
870 2283 882 2321 ,
894 2250 1146 2310 momentum
1162 2223 1310 2310 crescat
1321 2254 1394 2339 pro
1404 2229 1552 2310 Ratio-2

175 2371 229 2428 ne
246 2339 470 2434 distantiat,
486 2337 731 2453 reliquarum
741 2363 880 2424 tamen
893 2368 1063 2426 numero
1073 2338 1288 2453 aequalium
1301 2335 1402 2424 citral
1416 2339 1561 2452 longi,
1615 2377 1620 2391 ·

175 2457 331 2542 tudinis
357 2447 550 2538 semillem
578 2483 720 2539 centro
744 2458 979 2570 propiorum
1004 2482 1258 2538 momentum
1280 2447 1459 2540 similiter
1475 2483 1553 2570 pro

157 2573 353 2658 Ratione
378 2573 543 2652 minoris
557 2567 755 2654 distantiae
777 2576 1056 2664 minuiturtac
1070 2567 1280 2684 propteretl
1300 2568 1461 2656 tantltm
1475 2569 1553 2656 ista

18 2751 20 2756 -
173 2687 383 2773 momenta
394 2683 508 2769 stmul
527 2681 683 2800 sumpta
693 2681 954 2784 decrescunt,
966 2715 1168 2804 quantum
1182 2685 1246 2769 illa
1265 2685 1377 2770 srmul
1394 2683 1552 2798 sumpta

173 2829 390 2915 augentur.
433 2802 492 2884 Ex
508 2831 591 2913 quo
605 2805 732 2884 oritur
744 2801 927 2915 quadam
940 2803 1050 2916 quast
1067 2800 1293 2913 aequalium
1303 2805 1471 2918 perinde
1487 2830 1552 2882 at-

173 2948 256 3034 que
283 2918 312 3000 st
335 2943 541 3002 momenta
561 2922 698 3000 omnia
709 2917 861 3028 majora
885 2927 925 3002 ὃ(
948 2919 1165 3005 minora-in
1184 2914 1293 3002 illam
1309 2915 1552 3032 particulam
1655 2947 1656 2951 ‘

173 3032 457 3130 confluerent,
478 3061 568 3145 qua
586 3033 722 3126 media
738 3034 799 3115 est
813 3030 1086 3117 Arithmetice
1102 3033 1209 3114 inter
1224 3042 1403 3116 extrema
1428 3037 1544 3126 (mo-

171 3147 532 3262 mentasrquidem
547 3145 908 3234 rationedistantiae
921 3143 1194 3234 Arithmetice
1213 3145 1410 3244 crescunt,
1426 3174 1550 3262 prout
1670 3187 1676 3194 ·
1761 3245 1766 3255 ι

172 3261 450 3351 Arithmetice
472 3259 556 3375 ipsa
584 3261 775 3348 distantia
790 3257 1071 3359 crescitllrate
1096 3288 1232 3346 autem
1249 3261 1308 3346 est
1329 3267 1373 3346 in
1392 3258 1548 3358 scintille

171 3381 444 3494 longitudinis
467 3376 636 3497 brachij.
680 3382 743 3466 Ert
769 3407 856 3492 quo
875 3381 1024 3464 iterum
1052 3375 1316 3475 confirmatur
1338 3402 1550 3462 momenta

173 3497 435 3583 brachiorum
452 3487 531 3578 elle
546 3519 597 3576 ut
612 3495 805 3607 quadrata
829 3491 1159 3617 longitudinumt
1178 3487 1268 3574 sunt
1282 3498 1394 3576 enirn
1408 3498 1451 3575 in
1464 3495 1547 3576 du-

169 3610 320 3729 plicati
337 3611 513 3697 Ratione
525 3607 707 3703 illarnma
722 3602 892 3697 lemill'es
905 3606 1059 3722 qnippe
1078 3604 1222 3692 suntin
1238 3611 1414 3699 Ratione
1431 3613 1545 3716 inte

202 3755 336 3812 rarum
359 3724 693 3838 longitudinum,
717 3731 932 3836 gravitates
951 3719 1041 3806 sunt
1063 3725 1106 3805 in
1119 3710 1293 3808 Ratione
1310 3724 1547 3808 earumdem

169 3757 490 3954 iongitudinum,
504 3869 604 3954 ergo
616 3835 1041 3954 Ratiocompufitaest
1055 3836 1259 3954 duplicata
1271 3837 1452 3956 ejusdem
1461 3841 1544 3922 Ra-

170 3963 292 4042 tionis
312 3957 632 4068 longitudintrm,
1256 4027 1259 4034 .

226 4075 346 4161 Hinc
361 4067 565 4184 datdjngi
580 4071 817 4189 aequabilis,
839 4083 882 4162 dc
901 4058 1112 4160 uniformis
1136 4075 1331 4186 gravitate
1349 4065 1546 4169 absoluti,

171 4200 213 4276 δι
232 4187 327 4274 dati
344 4191 519 4274 Ratione
540 4185 845 4304 longitudinum
862 4189 1123 4276 brachiorum
1139 4184 1399 4304 inaequalium
1416 4181 1545 4287 libra,

168 4306 377 4390 dividatur
395 4305 489 4390 data
510 4309 681 4416 gravitas
702 4303 927 4392 seeundltm
950 4307 1085 4391 datam
1111 4305 1331 4388 Rationem
1349 4299 1544 4407 brachio-

169 4451 260 4504 rum
282 4456 292 4502 ε
316 4418 404 4504 tlrm
426 4419 497 4512 fiat
514 4449 563 4502 ut
572 4417 790 4534 longitudo
800 4427 934 4522 minor
944 4423 997 4508 ad
1017 4419 1322 4531 longitudinem
1332 4419 1543 4531 majorem

167 4537 406 4626 itadirnidia
420 4539 593 4650 gravitaa
601 4541 763 4656 majoris
777 4537 934 4656 brachijs
946 4535 999 4626 ad
1012 4533 1215 4742 alludi-{tlt¹
1214 4562 1299 4647 quo
1308 4559 1452 4651 quarto
1462 4559 1541 4616 tet·
