3766 5270
656 1 720 8 ‚vv

364 136 387 148 d
422 202 848 364 '‘Liberqut'ntus.
902 211 1114 325 CAPUT
1140 215 1238 322 lV.
1438 251 1541 364 527

158 361 392 489 oportecne
410 373 538 455 nimio
546 368 685 456 labore
696 370 908 486 frangatur
923 369 1087 455 molitor
1103 376 1148 456 in
1166 371 1332 458 immani
1346 365 1440 460 saxo
1450 411 1545 465 ver.

156 489 287 586 *undo
311 549 323 585 ,
353 484 512 574 catillus
534 488 703 601 quidem
719 485 861 602 planus
886 485 970 584 est,
988 513 1098 572 meta
1124 483 1250 586 verb,
1268 481 1348 604 qud
1364 492 1546 586 catillum

148 604 346 721 respicit,
361 633 446 688 non
470 605 640 688 omnino
664 601 844 716 subjecto
859 600 980 718 plano
994 603 1210 716 congruit,
1226 601 1293 690 sed
1308 635 1455 713 cavam
1462 609 1542 701 ob.

160 718 339 806 tufiffimi
363 724 458 806 coni
475 716 959 835 superficiemaemnlatur
983 755 993 802 t
1019 715 1231 804 utscilicet
1246 723 1405 834 integra
1417 719 1544 838 grana

160 867 236 953 per
248 838 429 922 medium
442 834 625 922 foramen
639 829 811 920 mamilla
826 839 934 920 inter
948 863 1166 951 utrumque
1179 833 1356 950 lapidem
1374 844 1541 926 interci-

159 958 326 1069 piantur
340 982 425 1035 non
441 951 581 1066 procul
598 948 804 1047 decumo,
821 947 943 1065 dquo
1016 958 1144 1036 tentia
1156 950 1292 1050 abest,
1312 962 1542 1064 comminu-

160 1095 372 1158 taautem
396 1065 668 1180 peripheriam
689 1063 826 1154 verslts
852 1095 925 1152 acc
979 1092 1051 1152 ant
1075 1068 1128 1153 ad
1150 1067 1383 1181 angustiora
1407 1069 1545 1188 spatia,

160 1184 251 1300 qub
272 1186 400 1295 magis
416 1181 679 1268 obterantur:
697 1181 914 1270 cbmenim
925 1185 1087 1295 integra
1099 1211 1225 1296 grana
1238 1188 1367 1296 magis
1379 1181 1548 1273 stadio-⁴

160 1305 207 1384 ni
221 1298 435 1394 obsistant,
450 1294 575 1414 qudm
587 1302 861 1396 comminuta,
878 1303 1048 1410 integris
1060 1297 1296 1410 frangendis
1307 1302 1460 1414 majora
1471 1307 1547 1390 de·

160 1415 314 1502 benttu
325 1415 514 1528 potentiae
528 1442 755 1512 momenta,
775 1415 1035 1498 comminutis
1051 1411 1097 1498 in
1112 1411 1357 1500 nunulculas
1368 1425 1548 1532 particu-

158 1531 220 1616 las
240 1528 471 1644 redigendis
488 1534 621 1614 minor
647 1533 780 1614 svires
797 1524 1013 1614 sufficiunt.
1055 1535 1104 1614 In
1123 1527 1231 1616 molal
1244 1557 1380 1618 autem
1393 1537 1540 1623 Afina-

161 1647 223 1733 rid
253 1646 324 1732 ubi
355 1643 537 1773 lapideus
567 1559 698 1732 dalius
727 1649 771 1728 in
795 1643 917 1757 plano
942 1643 1136 1734 Verticali
1172 1644 1414 1732 constitutus
1444 1649 1542 1738 sub-

158 1764 314 1869 jectum
330 1759 513 1846 catillum
529 1759 692 1846 modice
711 1787 954 1847 excavatum
980 1765 1048 1846 vix
1063 1789 1246 1848 extremo
1269 1762 1425 1848 ambitu
1440 1797 1543 1854 con·
1595 1835 1598 1842 .

161 1877 316 1995 tingit,
334 1880 479 1964 cadem
499 1875 587 1964 fere
608 1874 669 1961 cst
687 1873 842 1991 semper
864 1873 1052 1962 distantia
1073 1871 1097 1960 al
1124 1905 1265 1962 centro
1281 1874 1443 1980 motlls,
1470 1883 1545 1969 nili

163 2023 367 2111 quatenus
381 1993 501 2108 ipsius
510 1991 628 2076 molae
639 1991 849 2078 trallitudo
862 2018 1017 2105 partem
1029 1990 1146 2077 aliam
1157 2020 1299 2078 centro
1309 1991 1445 2080 motl‘rs
1456 2028 1547 2114 pro·
1585 2029 1594 2042 ’

121 2131 127 2138 ’
164 2109 347 2227 piorem,
359 2109 478 2195 aliam
496 2107 754 2194 remotiorem
769 2107 895 2193 habet
916 2142 926 2186 ε
947 2103 1072 2221 porrb
1086 2135 1210 2220 grana
1228 2107 1320 2208 illa,
1336 2141 1426 2226 quae
1441 2113 1542 2232 lapi·-

161 2229 266 2312 dum
282 2228 485 2310 connati
497 2285 509 2323 ‚
520 2222 586 2308 vel
603 2223 712 2337 quafi
731 2219 950 2322 contadui,
967 2229 1153 2339 propiora
1171 2221 1275 2323 sunt,
1291 2227 1461 2316 validilts
1477 2259 1541 2315 te·
1572 2265 1577 2270 ·

164 2369 337 2438 rnntur,
353 2337 484 2456 quim
510 2369 599 2452 quae
618 2343 746 2450 magis
765 2337 978 2424 abeodem
1003 2343 1193 2424 contestu
1220 2341 1420 2428 recedunt
1441 2382 1450 2428 ε
1477 2345 1547 2439 sed

163 2458 249 2542 hoc
264 2454 369 2542 nihil
387 2457 438 2540 ad
452 2451 686 2570 praesentem
696 2451 1012 2570 disputationem
1020 2459 1179 2554 attinet,
1190 2453 1262 2540 nist
1279 2459 1547 2570 quatenusla-

164 2573 274 2689 pidis
291 2601 420 2683 partes
434 2574 667 2656 remotiores
682 2566 856 2685 subjetla
872 2597 998 2683 grana
1009 2575 1221 2686 agitantes,
1232 2597 1354 2688 atque
1369 2577 1547 2662 tunden·
1640 2592 1643 2600 '

163 2687 418 2786 testantis,
437 2688 633 2797 majorem
649 2687 867 2772 Rationem
879 2687 931 2771 ad
943 2691 1134 2802 potentiae
1151 2713 1310 2772 motum
1331 2687 1485 2776 habent
1498 2698 1543 2779 in

164 2803 238 2890 sua
268 2803 596 2900 convolutione,
637 2798 762 2917 quim
795 2831 927 2920 partes
964 2803 1148 2914 ejusdem
1182 2801 1317 2888 minus
1347 2797 1370 2888 l
1401 2835 1543 2892 centro

163 2948 341 3006 remota.
400 2973 404 2984 ·

226 3033 353 3121 Haud
367 3031 538 3121 diffimili
556 3035 735 3131 ratione,
758 3035 852 3119 stex
868 3028 1041 3146 chalybe
1061 3027 1287 3146 ellipticum
1303 3032 1543 3151 sphaeroides

161 3151 254 3238 obli
285 3149 347 3236 uis
366 3150 467 3236 striis
483 3147 646 3234 modice
660 3136 855 3264 asperum,
868 3149 977 3264 quast
991 3145 1149 3232 inlimae
1161 3145 1347 3262 speciem,
1360 3181 1545 3268 congruo

166 3181 444 3356 loculamento
457 3263 626 3350 irsteriits
644 3271 793 3379 pariter
802 3263 982 3380 asperato
996 3261 1246 3364 includatur,
1269 3271 1324 3350 ita
1338 3295 1488 3368 tamen,
1499 3289 1547 3355 ut

168 3383 458 3499 spatinm‚quo
471 3378 746 3496 lphaeroidesd
762 3375 1036 3465 loculamento
1048 3377 1192 3476 distat,
1213 3379 1546 3494 paulatimtllat'i-

169 3497 318 3586 tudine
337 3506 382 3584 in
394 3499 598 3611 angustias
609 3493 648 3580 se
673 3493 710 3580 se
725 3498 961 3590 contraham
974 3500 1038 3580 axi
1060 3489 1159 3579 verb
1176 3491 1407 3611 sphaeroidis
1427 3497 1546 3618 supe.

161 3615 255 3702 silas
270 3617 467 3732 producto
489 3613 662 3700 addatur
679 3612 939 3698 manubrium
952 3641 1061 3724 ,quo
1078 3636 1236 3723 arrepto
1250 3619 1432 3698 converti
1452 3611 1544 3734 pos-

168 3733 221 3818 lit
235 3737 281 3824 in
299 3761 444 3844 gyrum
458 3763 468 3822 ς
481 3757 607 3842 grana
622 3732 793 3841 piperis,
810 3755 880 3814 aut
897 3727 1037 3810 fimilia
1054 3721 1547 3840 stiperiltsitnmillalevis-

171 3847 273 3945 simo
292 3851 460 3960 negotio
474 3841 803 3930 comminuentur
822 3841 838 3926 ε’
860 3869 1034 3958 quotum
1048 3839 1199 3928 scilicet
1217 3845 1427 3930 duritiessr
1449 3847 1545 3934 cum

171 3968 365 4075 potentia:
385 3961 537 4047 vitibus
552 3958 806 4058 conferatur,
825 3959 1086 4043 msrllcntiam
1102 3958 1226 4045 habet
1246 3965 1548 4076 maximampro

165 4080 350 4172 Ratione
371 4073 652 4164 semidiametri
669 4071 894 4162 transversa
912 4073 1126 4190 Ellipfisad
1138 4074 1337 4184 manubrij
1360 4074 1548 4190 longitn-

166 4197 311 4284 diucm
325 4233 335 4278 ι
351 4198 469 4278 initio
482 4221 641 4292 autern,
662 4195 758 4307 quia
769 4220 893 4309 grana
907 4191 1041 4278 minus
1055 4189 1106 4274 ab
1122 4219 1198 4275 axe
1218 4187 1391 4290 distant,
1411 4191 1546 4282 minias

41 4387 45 4398 .
166 4312 380 4410 resistunt,
396 4309 423 4396 fi
437 4305 741 4394 caccetafuerint
756 4313 888 4424 paria,
906 4309 988 4393 hoc
1001 4305 1083 4403 est,
1103 4303 1306 4391 limodicb
1318 4309 1546 4395 comminu-

169 4455 308 4515 torum
319 4429 513 4523 durities,
533 4425 789 4537 integrorum·
802 4419 966 4509 duritiei
983 4423 1155 4507 omnino
1172 4419 1432 4535 respondeam
1452 4457 1547 4513 nam

143 4542 308 4632 'minor
336 4543 523 4632 distantia
552 4539 576 4626 d
604 4541 745 4626 centro
775 4535 908 4626 motus
932 4543 1131 4660 minorem
1151 4535 1282 4621 habet
1312 4541 1545 4640 Rationem,

170 4657 495 4778 qudmdistantia
506 4657 894 4770 majoraaeasdem
910 4649 1435 4768 manubrtilongitudinem.
1470 4707 1500 4855 l’

1503 4799 1547 4857 ar
