3918 5262
371 223 448 342 pn
647 207 668 310 J
701 244 705 253 ·
754 209 769 238 ³
838 171 1260 294 Machameum
1284 315 1287 324 ,
1381 187 1412 287 l
1436 237 1439 244 ⁴

365 351 459 438 2vior
473 343 647 428 vicinior
662 369 830 442 centro,
849 369 1022 428 conetur
1036 337 1224 428 deoisum
1246 375 1258 434 ι
1287 361 1443 445 eertum
1459 335 1650 437 eskillum
1668 347 1743 432 un

369 457 563 546 scendere
575 487 658 542 non
673 455 796 574 polle,
811 463 913 572 quin
932 483 1061 542 totam
1073 455 1273 573 ¹neliqutun
1285 481 1430 540 terram
1443 458 1635 569 impellat,
1646 460 1748 578 ejus·

370 603 453 688 que
483 571 744 662 resistentium
767 570 926 690 superet
953 611 966 668 ι
997 569 1139 658 resistit
1156 600 1296 656 tutem
1328 569 1461 684 primii
1492 575 1778 685 segmentum·

370 693 389 773 1
404 692 447 773 D
459 691 489 772 E
503 691 560 786 L,
575 719 624 772 eu
624 693 691 803 jus
702 719 843 776 omnes
858 715 989 804 partes
1004 691 1132 799 inagis
1148 685 1170 772 ὲ
1184 715 1325 771 centro
1343 715 1669 784 removerentur5
1685 700 1747 778 ni·

369 802 398 888 li
416 808 542 915 igitur
574 835 691 891 mons
721 805 862 894 FHG
892 807 1020 920 major
1049 803 1096 886 sit
1124 795 1332 916 segmento
1359 799 1554 918 ,sphaerico
1580 809 1653 889 ID
1668 809 1698 890 E
1718 812 1747 894 Ι.

370 917 464 1015 (vel
483 915 620 1004 saltem
639 951 723 1006 non
738 915 872 1006 multo
884 924 1039 1016 minor,
1058 917 1085 1000 sr
1103 917 1270 1032 quidem
1283 915 1335 1000 ob
1349 923 1542 1032 majorem
1566 915 1747 1008 &centro

368 1031 865 1147 distantiamougerentur
884 1036 1341 1146 momentugravitatis,
1362 1063 1414 1117 ex
1442 1035 1558 1118 ditiis
1579 1045 1745 1150 cape)

350 1177 457 1234 non
473 1155 622 1264 poterit
638 1139 858 1265 subjellnm
879 1177 1026 1234 terrant
1041 1147 1133 1234 loco
1145 1147 1368 1234 dimovete.
1415 1146 1612 1233 Praet'eretl'
1624 1157 1749 1240 etiam

369 1262 698 1380 hemispherium
717 1268 830 1350 lAL
850 1291 1048 1380 repugnat
1064 1259 1271 1350 descensui
1288 1265 1438 1346 montis
1457 1265 1547 1348 PH
1565 1267 1632 1364 G,
1652 1297 1750 1382 quta

370 1378 458 1466 fieri
474 1410 558 1464 non
580 1379 711 1496 potest
726 1382 795 1466 hic
815 1404 948 1464 motus
964 1440 975 1475 ,
990 1379 1064 1462 nist
1085 1374 1354 1490 hemispherij
1371 1405 1503 1492 partes
1524 1382 1748 1466 transiliant

369 1493 538 1611 planum
555 1499 643 1593 IL,
660 1523 782 1612 atque
803 1499 932 1621 magis
953 1491 978 1576 l
1000 1523 1144 1578 centro
1174 1493 1376 1576 recedant.
1431 1496 1598 1610 Qantt'l
1624 1502 1750 1611 igitur

371 1613 570 1722 gravitate
596 1607 808 1726 preditum
836 1609 1121 1694 eilemontem
1142 1635 1378 1724 oporteret,
1401 1614 1475 1723 qui
1502 1639 1656 1696 tonum
1684 1645 1748 1696 re..

370 1722 589 1810 fistentiam
603 1723 787 1840 superare
804 1724 957 1810 valer'et
972 1751 984 1808 ι
998 1729 1058 1809 ,At
1073 1733 1285 1837 nunquam
1301 1723 1388 1808 fieri
1405 1751 1558 1810 tentum
1573 1734 1750 1840 partium

372 1844 735 1956 permutationem,
752 1867 797 1924 ut
813 1842 857 1926 id
878 1841 991 1955 quod
1004 1838 1264 1938 transfertur,
1280 1839 1328 1922 srt
1340 1843 1425 1923 'non
1443 1844 1578 1924 minus
1597 1839 1748 1928 semisse

370 1952 641 2069 henrisphaerij
658 2015 669 2054 ,
689 1984 733 2038 ut
760 1953 898 2040 saltem
917 1958 1072 2038 ratione
1085 1953 1227 2038 habitrl
1239 1953 1436 2038 distantiae
1453 1949 1630 2040 &centro
1656 1957 1747 2072 pos·

368 2069 421 2154 lit
433 2068 674 2182 praevalere,
693 2073 749 2154 ita
763 2069 954 2154 omnibus
967 2067 1027 2152 est
1046 2067 1330 2166 manifestum,
1353 2095 1398 2151 ut
1412 2069 1649 2182 probatione
1664 2105 1750 2157 non

372 2187 568 2296 indigeat.
595 2187 736 2303 Quare
748 2215 882 2300 neque
897 2185 1004 2268 hanc
1021 2187 1206 2295 gravium
1224 2184 1525 2268 transsationem
1540 2215 1673 2271 motus
1687 2190 1750 2272 ul·

369 2296 433 2385 lus
448 2295 726 2416 consequitur,
744 2329 827 2414 quo
842 2297 960 2384 tellus
974 2298 1174 2412 trepidare
1186 2299 1356 2384 dicatur.

433 2419 513 2511 At,
529 2417 687 2530 inquis,
711 2413 798 2500 siin
811 2413 982 2529 utrique
999 2413 1108 2500 librae
1121 2413 1237 2498 lance
1251 2414 1329 2498 sint
1342 2419 1478 2500 'unciae
1497 2446 1604 2515 roo,
1624 2426 1666 2504 δι
1683 2416 1746 2501 al-

376 2533 519 2614 terutri
547 2533 667 2614 uncia
691 2560 773 2614 una
796 2521 995 2628 addatui,
1018 2527 1113 2612 lanx
1137 2527 1206 2612 illa
1219 2530 1483 2644 deprimitur,
1511 2542 1554 2618 &
1570 2531 1751 2647 oppofita

372 2642 583 2738 elevatur,
610 2667 711 2758 ergo
732 2648 929 2757 exiguum
951 2645 1111 2758 pondus
1132 2647 1215 2728 vim
1234 2645 1361 2730 habet
1385 2649 1577 2732 movendi
1604 2654 1750 2761 ingens

253 2835 259 2842 .
374 2759 556 2876 pondus3
577 2787 676 2872 ergo
716 2764 836 2844 ariter
845 2789 962 2842 mons
976 2765 1007 2846 F
1018 2759 1064 2843 H
1080 2758 1121 2842 G
1135 2761 1359 2872 producere
1384 2760 1516 2876 potest
1534 2767 1747 2876 impetum,

375 2878 449 2990 qui
471 2874 523 2960 od
538 2789 798 2960 movengum¹
811 2871 1064 2986 segmentum
1086 2875 1202 2957 IDE
1219 2877 1274 2974 L,
1291 2881 1551 2990 quantumvis
1570 2884 1746 2990 gravius,

374 2988 542 3075 abunde
559 2985 737 3074 sufficiat.
782 2992 870 3101 Ego
885 3019 982 3074 vero
994 3017 1102 3101 nego
1117 2986 1447 3103 consequentiam
1461 3027 1472 3086 ι
1488 2997 1584 3108 quit
1598 3023 1681 3078 non
1696 2993 1749 3078 ab
1776 3087 1782 3094 ,

378 3104 503 3190 ιιιιείιΙ
523 3101 592 3190 illl
606 3103 747 3194 addite
765 3101 847 3192 soll
867 3103 1050 3190 elevatur
1072 3105 1300 3220 oppositum
1316 3109 1500 3222 pondus,
1521 3105 1588 3194 sed
1609 3139 1751 3194 omnes

378 3217 509 3306 un'ciae
526 3195 639 3308 simul
654 3226 697 3306 in
711 3220 847 3307 medio
859 3217 1012 3306 leviore
1023 3215 1214 3335 suspen&
1226 3219 1380 3306 collatis
1396 3221 1548 3308 viribus
1560 3225 1748 3310 deorsum

378 3361 607 3434 conantur,
635 3363 766 3456 atque
779 3335 1129 3451 praepondemntes
1151 3336 1339 3450 oppofitae
1362 3335 1488 3421 lancis
1504 3341 1664 3454 pondus
1686 3369 1752 3424 at-

380 3449 540 3536 tollunt.
571 3451 669 3536 Hoc
684 3479 821 3538 aurem
837 3448 894 3534 nil
907 3453 953 3534 in
965 3479 1052 3534 rein
1073 3447 1247 3538 nostram
1261 3450 1359 3536 facit
1372 3514 1383 3551 ,
1398 3454 1467 3538 nbi
1486 3483 1621 3568 neque
1632 3485 1752 3539 moni

377 3565 475 3654 PH
503 3566 544 3650 G
580 3561 753 3654 solitarie
784 3563 962 3681 sumptus
989 3561 1121 3680 potest
1148 3561 1302 3662 sursum
1346 3567 1567 3688 propellere
1599 3570 1750 3656 molem

356 3753 360 3759 .
378 3683 456 3768 ID
470 3683 544 3766 ΕΙ.
559 3685 752 3795 majorem
768 3679 821 3777 se,
832 3709 966 3793 neque
977 3683 1110 3796 juvari
1124 3681 1318 3794 potestab
1330 3681 1611 3799 hemisphaerio
1626 3689 1749 3786 IAL,

382 3795 604 3911 quodcum
622 3796 727 3882 nihil
747 3791 853 3882 infrl
875 3791 914 3880 se
940 3795 1114 3894 habeat,
1133 3801 1256 3910 quodv
1271 3809 1313 3884 δι
1330 3793 1459 3884 levius
1480 3801 1555 3898 lit,
1576 3811 1619 3887 δι
1644 3807 1753 3886 inter

379 3909 511 4026 ipsum
524 3942 571 3996 ac
586 3911 758 3998 universi
768 3939 956 3998 centrum
971 3911 1263 4026 intercipiatur,
1279 3943 1413 4028 neque
1425 3914 1557 4028 potest
1570 3911 1609 3998 se
1622 3921 1753 4031 ipsum

383 4025 520 4114 verslts
531 4055 716 4112 centrum
727 4054 871 4139 urgere
883 4023 1105 4112 secundum
1114 4025 1268 4142 aliquas
1280 4025 1337 4112 sui
1350 4057 1482 4141 partes
1491 4028 1543 4114 ab
1555 4060 1606 4114 eo
1621 4061 1752 4118 remo·

383 4145 525 4241 tiores,
545 4171 643 4236 cnm
655 4136 831 4227 monime
848 4167 979 4254 putres
995 4168 1136 4224 centro
1151 4147 1340 4255 proximae
1356 4142 1473 4228 valde
1491 4146 1751 4250 reluclenrur,

384 4259 498 4346 neub
514 4257 585 4342 illo
605 4283 898 4344 removeantur.
928 4256 1097 4369 quuod
1109 4259 1152 4368 in
1163 4257 1275 4344 libre
1289 4255 1427 4356 lance,
1444 4264 1512 4344 cui
1523 4269 1645 4346 uncia
1660 4265 1753 4348 fue·

238 4435 250 4444 ,
292 4392 302 4412 ’
382 4376 434 4460 rit
461 4375 621 4472 addito,
640 4376 813 4492 reperire
835 4399 919 4456 non
940 4373 1115 4486 poterisr
1137 4374 1486 4488 totum-siquidem
1502 4372 1628 4461 lancis
1642 4408 1749 4494 pon·
1865 4401 1868 4408 ·

378 4491 456 4582 dus
471 4484 657 4576 deorsum
673 4492 825 4572 nititur.

437 4603 563 4724 Qod
579 4603 609 4689 si
623 4633 674 4694 ex
687 4602 790 4694 libre
801 4601 1104 4690 similitudinem
1116 4601 1266 4693 ducere
1282 4601 1466 4721 placeat,
1480 4603 1654 4722 petenda
1670 4633 1747 4722 po,

1667 4719 1747 4809 tiln
