3708 5274
170 4753 183 4792 )

405 197 535 323 ³644
732 169 746 222 ⁷
903 173 1332 300 Machanicomm

301 421 303 428 ,
405 340 644 460 amputabat
665 375 678 436 3
705 339 841 428 averso
871 339 1022 428 scilicet
1048 347 1131 428 tou
1153 353 1383 459 percutiens
1406 351 1556 466 gladius
1580 357 1731 457 circulum

408 459 688 556 describebat,
717 458 905 572 adeoque
926 491 1009 543 non
1030 456 1155 545 solbm
1182 467 1407 576 premendo
1429 467 1603 574 secabat,
1624 483 1729 571 veriam

402 581 530 662 etiam
556 599 671 658 motu
696 571 914 656 transverso
941 613 963 657 ι.
988 605 1070 688 quo
1098 579 1141 658 in
1174 585 1341 688 negotio
1371 582 1601 674 dexteritate
1624 599 1730 706 potiit

406 689 533 808 qulam
549 689 701 774 viribus
725 717 825 802 opus
837 690 912 774 est.
958 685 1088 804 de
1106 717 1243 775 autem
1259 695 1325 802 alij
1343 699 1528 784 sessanum
1545 705 1680 822 Harpes
1690 713 1728 795 la-

406 825 472 892 tus
495 811 541 889 in
565 801 838 890 canaliculum
863 831 1087 901 excavant,
1107 805 1230 920 esque
1254 807 1408 924 aliquid
1434 823 1583 928 argenti
1606 821 1729 909 viviin·

404 921 538 1019 dunt,
557 919 668 1035 quod
683 921 706 1002 ὲ
722 917 869 1032 capulo
885 919 936 1003 ad
951 915 1158 1033 cuspidem
1175 950 1387 1026 excurrat,
1405 931 1446 1013 id
1458 929 1605 1017 faciunt
1617 938 1659 1021 ad
1670 967 1731 1048 pct-

404 1035 624 1120 cullionem
644 1036 906 1144 augendam,
936 1038 1032 1148 quia
1059 1033 1244 1121 translati
1270 1041 1322 1124 ad
1352 1041 1556 1158 cuspidem
1580 1057 1729 1161 gravitate

405 1149 602 1263 Merc-urij
617 1209 628 1248 ,
645 1155 767 1232 etiam
783 1149 1037 1262 percussionis
1050 1177 1237 1234 centrum
1252 1155 1488 1242 transfertur
1502 1159 1733 1274 longisssim-

346 1293 348 1298 ·
403 1266 527 1382 pulo,
544 1263 722 1375 idcdque
741 1268 839 1346 irtus
861 1265 906 1350 fit
928 1254 1121 1362 ualidior,
1137 1268 1358 1353 accedente
1378 1271 1588 1385 pracsertim
1604 1282 1731 1398 inpetu,

405 1411 532 1496 quem
547 1381 776 1464 Mercurius
793 1375 1041 1464 descendens
1056 1385 1247 1496 concipit.

463 1499 565 1581 Non
580 1493 640 1578 est
660 1491 800 1608 itaque
821 1498 1112 1608 comparandus
1133 1497 1291 1609 gladius
1303 1529 1418 1586 motu
1432 1501 1637 1608 transverso
1654 1509 1729 1597 scin·

403 1611 506 1698 dens
521 1639 616 1694 cum
630 1605 729 1693 setrai
746 1605 903 1694 secante
920 1643 931 1702 ς
956 1610 1044 1693 hacc
1058 1610 1169 1694 enirn
1184 1613 1321 1708 obvias
1336 1620 1550 1732 particulas
1562 1621 1602 1707 iu
1613 1623 1731 1716 stobcn

284 1739 290 1747 '
401 1725 598 1811 abeuntes
617 1721 757 1806 sensrm
780 1719 803 1808 a
827 1723 941 1835 ligno
955 1724 1150 1830 divellens
1167 1726 1267 1814 illud
1282 1729 1452 1818 demum·
1461 1733 1616 1830 sublatis
1632 1749 1728 1826 ormi.

404 1840 481 1926 bus
494 1839 744 1924 intermediis
765 1839 969 1953 particulis
992 1841 1173 1924 bifariam
1188 1841 1361 1931 divisum
1378 1849 1571 1964 relinquit
1588 1891 1597 1936 ε
1612 1856 1667 1941 ille
1681 1889 1729 1942 vt·

402 1953 452 2040 rb
467 1954 533 2038 sual
544 1960 634 2038 acie
648 1981 833 2065 premens
849 1972 972 2068 atq'uo
987 1983 1216 2070 penetrans,
1227 1957 1293 2046 sed
1305 1963 1408 2048 nihil
1429 1966 1727 2071 abradensinter·

311 2075 314 2084 “
399 2074 572 2186 ponitur
585 2067 784 2183 partibus,
799 2097 887 2182 quae
901 2077 1078 2155 invicem
1090 2069 1329 2185 separantur.
1361 2081 1507 2165 Motus
1526 2082 1627 2170 serra
1636 2093 1729 2173 moui

398 2182 688 2302 particularum
704 2178 1088 2300 abscissurumplanc
1101 2189 1264 2300 aequalis
1280 2192 1339 2276 est
1348 2228 1363 2287 r
1375 2197 1478 2280 dens
1493 2198 1634 2318 quippe
1644 2209 1730 2314 parri·

397 2299 548 2396 culam,
563 2303 607 2380 in
621 2329 743 2413 quam
753 2297 936 2398 incurrit,
951 2329 1120 2412 tangens
1130 2301 1315 2419 impellit,
1335 2307 1727 2429 suoqueimpulsurin·

399 2444 497 2498 cens
512 2443 678 2510 nexum,
689 2443 772 2528 quo
787 2414 982 2528 particula
997 2417 1068 2500 srbi
1084 2421 1379 2508 cohaerentibus
1389 2429 1642 2540 jungebatur,
1654 2432 1729 2518 illam

341 2589 345 2596 ⁴
397 2529 548 2614 avellit.
589 2527 851 2614 Transversus
864 2527 964 2613 verb
1005 2527 1101 2644 ladij
1117 2563 1251 2619 motus
1269 2539 1565 2655 srcomparctur
1579 2577 1729 2633 ctrmmo-

396 2668 446 2734 ¹tu
476 2641 762 2760 particularum
788 2669 951 2760 compre
982 2675 1130 2746 arum,
1161 2679 1283 2767 atque
1313 2659 1493 2742 invicem
1518 2661 1730 2760 divolsarum,

397 2755 533 2846 multb
553 2762 678 2862 major
695 2758 753 2844 est
768 2759 838 2842 illo
849 2793 861 2855 3
882 2789 978 2845 nam
994 2760 1122 2846 culter
1141 2763 1281 2851 manus
1301 2781 1504 2856 moventis
1518 2775 1637 2862 motui
1649 2777 1729 2862 obl·

396 2876 573 2967 tundata
590 2885 631 2960 &
649 2873 852 2988 particulae
877 2871 1105 2997 compressae
1127 2880 1290 2965 inlatus
1309 2889 1530 2984 receduut5
1542 2923 1585 2976 ac
1597 2895 1727 3007 proinde

394 2989 531 3072 multo
552 2987 730 3073 velocius
746 3017 933 3074 movetur
947 2997 1128 3104 potentia
1144 2993 1326 3105 gladium
1339 3003 1547 3089 adducens
1566 3009 1728 3092 autredu·

395 3133 493 3186 cens
507 3165 518 3202 ,
532 3100 655 3218 quim
676 3105 740 3202 id,
758 3109 825 3188 cui
839 3105 920 3189 hoc
930 3134 1045 3190 motu
1057 3106 1116 3190 vis
1130 3109 1301 3195 infertur
1314 3143 1459 3229 ratque
1471 3111 1621 3206 idcircb
1636 3123 1668 3236 gl
1687 3122 1727 3230 dij

395 3223 457 3302 vis
475 3215 685 3304 scindendi
706 3214 788 3304 boc
806 3249 919 3304 motu
935 3221 1106 3306 refertur
1121 3225 1173 3308 ad
1186 3257 1374 3314 cuneum.
1417 3232 1552 3350 de
1567 3241 1593 3320 fi
1611 3241 1731 3350 gladius

395 3362 482 3418 non
496 3333 611 3416 mot'u
623 3330 840 3418 transverso
853 3335 1150 3452 ducatursuper
1164 3342 1232 3437 id,
1251 3344 1588 3455 quodscinditur,
1602 3355 1729 3439 sedon·

395 3454 498 3533 nino
514 3477 629 3532 motu
642 3452 751 3533 resto
764 3450 987 3563 pusionis,
1003 3452 1049 3534 sit
1059 3481 1197 3538 autem
1207 3455 1298 3540 ferri
1311 3463 1498 3548 craffities
1508 3461 1729 3552 senfimtrro

393 3591 520 3649 uuata
536 3563 580 3646 in
591 3567 733 3662 aciem,
748 3565 1090 3678 quemadmodum
1105 3569 1244 3653 cuneis
1260 3579 1447 3661 omnibus
1463 3611 1667 3667 commune
1678 3581 1731 3678 ess,

274 3694 278 3702 ’
394 3680 505 3762 idem
520 3677 637 3786 plani:
652 3679 982 3781 dicendmnerit,
998 3685 1110 3798 quod
1126 3674 1182 3772 ile
1194 3685 1349 3800 vulgari
1369 3724 1525 3797 cunco,
1540 3700 1730 3783 cuinotntn

393 3793 477 3880 hoc
489 3793 691 3908 precipue
704 3797 879 3879 inditum
892 3794 964 3882 cst.

453 3913 594 4025 Qare
606 3912 774 3992 Cuneus
788 3907 1265 4028 incotpusscindendum
1279 3925 1444 4009 adustus
1455 3931 1733 4016 eonsrderandut

392 4021 453 4107 est
475 4022 629 4106 natione
644 4021 783 4110 habital
796 4023 918 4136 ipsius
933 4034 1133 4142 corporis,
1152 4039 1263 4150 quod
1282 4067 1466 4140 tenerum
1487 4075 1535 4129 ac
1547 4049 1656 4136 molle
1673 4040 1731 4128 esst

387 4135 684 4256 potest,atquc
695 4143 751 4223 ita
762 4137 1010 4266 fleuibileut
1021 4139 1207 4256 seqtratur
1220 4181 1468 4270 quocunque
1479 4189 1668 4277 torqueas,
1678 4187 1732 4244 aut

390 4258 517 4337 etiam
536 4255 707 4353 durum,
725 4265 767 4342 &
779 4253 949 4340 minime
964 4258 1181 4349 tractabile.
1212 4272 1252 4352 Si
1266 4269 1387 4354 molle
1403 4273 1506 4360 illud
1524 4277 1591 4376 fit,
1606 4271 1730 4362 immil-

391 4363 481 4452 sum
499 4397 677 4452 eameram
700 4376 866 4486 recipit,
888 4367 1013 4488 seque
1033 4374 1092 4470 illi
1109 4390 1408 4489 accommodat,
1428 4400 1731 4506 &comprimun-

390 4507 460 4570 tur
471 4481 559 4567 tbm
570 4481 753 4597 subjedae
768 4487 975 4600 particulas
987 4499 1109 4579 cunei
1123 4501 1254 4584 aciem
1269 4527 1505 4616 tangentes,
1527 4507 1612 4594 tiam
1628 4503 1733 4624 qual

376 4595 580 4690 ‘lateribus
596 4602 719 4692 cunei
733 4601 854 4698 faciei
869 4633 1103 4722 congruunt
1127 4613 1240 4705 aillae
1253 4618 1424 4714 omuino
1440 4627 1644 4742 'aequaliter
1656 4652 1731 4738 pro-

440 4773 441 4776 *
586 4763 588 4770 '
1529 4767 1731 4838 movemus>
