3918 5262
367 177 437 284 16
807 157 1252 291 Meclranicormn
1355 226 1358 236 ·

424 329 531 418 Illud
549 318 690 446 itaque
709 331 907 446 punctum
929 337 974 420 in
988 364 1249 455 quocumque
1268 367 1436 457 corpore
1455 341 1591 453 gravi,
1615 339 1734 458 quod·

368 445 523 564 semper
550 449 593 528 in
624 472 740 530 motu
772 444 962 534 describit
988 449 1139 536 lineam
1175 451 1282 540 reeta*
1317 462 1359 539 in
1392 483 1504 540 terrae
1540 446 1730 544 centrum

365 567 555 659 dudam,
572 561 722 646 dicitur
751 576 920 672 centrum
937 570 1146 647 Gravitatis
1167 599 1179 660 5
1203 581 1245 655 ὃ(
1269 567 1407 668 linea,
1432 600 1522 686 qua·
1540 570 1727 672 ce‘ntrum

366 682 572 796 gravitatis
582 681 903 790 conjungitcum
917 706 1037 766 terrae
1046 712 1199 781 centro,
1214 690 1329 766 Linea
1340 679 1541 767 directionis
1554 675 1705 776 dicitur
1712 723 1732 782 5¹

336 883 339 892 5
366 793 589 882 secundum
607 822 730 906 quarn
744 791 934 878 videlicet
951 797 1141 909 dirigitur
1151 828 1307 898 motus,
1319 811 1362 886 δι
1375 801 1652 886 dimentienda
1666 802 1726 892 est

363 913 542 1028 corporis
554 903 575 991 ὲ
587 936 727 992 centro
738 935 850 994 terrae
862 909 1076 1010 distantia,
1104 914 1133 996 si
1149 943 1347 1029 quatenus
1363 945 1485 1030 grave
1503 917 1733 1002 confidere·

362 1053 440 1112 tur.
472 1017 599 1112 Portd
617 1027 845 1138 puntimnl
868 1052 1056 1112 centrum
1076 1032 1466 1139 gravitatisdicitur,
1483 1038 1579 1147 quia
1595 1038 1725 1118 centri

362 1171 513 1230 nomen
531 1138 722 1224 tribuitur
732 1143 905 1256 punito,
918 1141 1028 1256 quod
1041 1143 1100 1229 est
1111 1145 1314 1230 medium:
1330 1156 1372 1232 &
1384 1149 1725 1262 quemadmodum

361 1257 653 1374 magnitudinis
672 1253 842 1370 alicujus
861 1285 1047 1342 centrum
1065 1287 1234 1344 vocatur
1251 1263 1447 1373 punctum
1466 1261 1592 1360 illud,
1613 1265 1724 1376 quod

362 1373 534 1491 aequales
554 1371 854 1482 magnitudines
876 1371 1146 1472 circunstant‚
1161 1373 1189 1456 sr
1206 1401 1360 1490 partes,
1374 1405 1464 1490 quae
1480 1407 1530 1462 ex
1557 1373 1740 1488 adverso*

362 1489 476 1588 sunt,
491 1489 761 1601 accipiantun
781 1490 842 1569 ita
860 1488 904 1568 in
923 1485 1112 1597 gravibus
1129 1517 1316 1576 centrum
1339 1493 1544 1602 gravitatis
1558 1491 1722 1589 dicitur,

298 1614 304 1628 '
360 1606 474 1724 quod
485 1599 981 1718 aequalesgravitates,vei
995 1602 1163 1718 aequalia
1176 1607 1419 1716 gravitatum
1430 1611 1723 1690 momentacir·

360 1719 560 1833 cunstant.
587 1717 714 1832 Qod
730 1716 756 1798 sl
775 1719 972 1831 pandum
991 1721 1010 1802 I
1030 1747 1114 1802 non
1129 1719 1465 1818 haberethinc‚&
1477 1721 1575 1806 hinc
1587 1751 1722 1836 aequa-

359 1837 417 1924 les
458 1839 670 1919 tavitatum
679 1833 806 1931 vires,
826 1828 877 1916 ab
886 1827 1076 1918 alterutra
1091 1861 1203 1948 parte
1222 1833 1432 1949 praestante
1451 1835 1603 1920 vitibus
1625 1862 1719 1950 pro·
1843 1885 1848 1896 ·

357 1865 575 2071 pelszretur
585 1954 628 2032 in
638 1945 741 2030 latus
751 1973 863 2032 extra
876 1945 1023 2030 lineam
1034 1947 1287 2048 directionis,
1302 1946 1324 2032 d
1337 1949 1640 2066 qud-nunquam
1656 1980 1719 2034 te-

352 2067 488 2176 ‚cedit,
502 2061 670 2150 filibere
690 2090 911 2146 moveatur.
942 2065 1056 2148 Cave
1078 2089 1235 2162 tamen,
1256 2092 1308 2148 ne
1326 2070 1500 2179 partium
1517 2063 1722 2180 aqualita-
1831 2135 1834 2143 .

355 2209 439 2268 tem
452 2175 1147 2288 dimetiarislinearumiongitudine
1167 2171 1556 2291 aice'ntrogravitatis
1568 2209 1720 2264 exeun-

355 2299 544 2394 tium‚ita
555 2322 601 2382 ut
612 2290 786 2408 singulas
796 2291 1141 2406 lineataequaliter
1158 2294 1397 2378 dividendas
1417 2322 1554 2410 putes5
1576 2290 1718 2380 sedto-
1763 2308 1766 2317 '

328 2459 330 2466 s
353 2439 444 2496 tum
458 2439 604 2528 corpus
618 2411 742 2497 debet
755 2407 928 2519 intelligi
946 2405 1119 2492 divisum
1141 2405 1323 2496 bifariam
1334 2405 1367 2492 ai
1380 2411 1503 2524 plano
1530 2439 1600 2524 per
1617 2439 1718 2492 cen-

352 2553 461 2610 trum
473 2530 679 2640 gravitatit
688 2523 810 2639 ipsius
825 2527 1026 2636 corporis,
1051 2532 1092 2608 &
1110 2545 1382 2636 pertentium
1403 2528 1586 2636 gravium
1599 2555 1645 2606 ac
1659 2525 1724 2608 le·

352 2645 467 2728 vium
478 2639 732 2738 transeunte,
749 2644 862 2724 itaut
882 2636 1086 2750 sipianum
1103 2636 1279 2726 ddextrd
1291 2641 1333 2721 in
1349 2637 1537 2724 sinistram
1549 2639 1720 2724 dudum

353 2755 532 2844 secernat
544 2785 674 2872 partes
684 2760 904 2840 anteriores
918 2753 940 2838 ὲ
952 2752 1260 2866 posterioribus,
1276 2753 1442 2869 aequalia
1455 2754 1530 2838 fint
1540 2759 1719 2866 gravita-

353 2900 442 2955 tum
457 2899 665 2958 momenta
676 2868 795 2968 ante,
815 2879 857 2962 &
870 2869 979 2984 pone
997 2903 1009 2960 5
1029 2867 1180 2952 sialiud
1200 2867 1366 2982 planum
1379 2898 1451 2985 per
1463 2871 1635 2954 eandem
1651 2872 1717 2954 di-

353 2990 540 3072 testionis
551 2985 700 3074 lineam
710 2987 878 3072 dimum
891 3012 1021 3099 partes
1032 2983 1632 3096 dextrasdfinistrisdistinguat
1644 3015 1717 3100 pa-

351 3102 410 3186 ria
431 3101 609 3188 fintiliter
622 3103 722 3188 hinc
746 3111 787 3189 δι
803 3103 905 3188 hinc
921 3101 1164 3220 gravitatum
1180 3129 1386 3184 momenta
1407 3099 1619 3212 relinquat.
1719 3151 1728 3172 .

409 3217 689 3312 Grauitatum,
705 3221 897 3330 inquam,
920 3240 1148 3310 momenta,
1166 3242 1251 3298 non
1272 3217 1513 3326 gravitates5
1530 3243 1583 3300 ne
1600 3213 1714 3298 locus

255 3415 258 3420 ,
351 3359 485 3452 pateat
505 3335 815 3444 aequivocationi
842 3363 855 3424 5
881 3357 1015 3445 neque
1033 3333 1145 3414 enim
1158 3333 1316 3442 quoties
1331 3329 1499 3444 aequalia
1518 3325 1712 3414 suntme-

348 3476 500 3548 menta‚
510 3451 628 3532 toties
642 3443 812 3560 aquales
825 3439 916 3528 sunt
926 3443 1416 3561 gravitateshiucuhinc
1427 3474 1612 3530 centrum
1623 3473 1713 3558 gra·

349 3569 483 3654 vitatis
494 3562 818 3680 complementa,
831 3587 876 3644 ut
886 3557 1039 3674 patebit
1052 3587 1104 3644 ex
1121 3561 1190 3660 iis,
1205 3589 1294 3674 quat
1306 3561 1358 3647 de
1368 3559 1592 3678 aequilibrio
1602 3563 1711 3647 dice·

348 3709 451 3766 mus.
468 3680 584 3768 Unde
599 3679 754 3766 fitiniis
767 3675 925 3764 tantiam
937 3671 1283 3790 corporibunquae
1293 3679 1471 3794 partibus
1482 3681 1600 3760 unius
1612 3673 1712 3788 ejus·

349 3797 524 3919 demque
539 3793 884 3892 naturaeacduciu
901 3818 1097 3904 perpetuo
1110 3787 1288 3878 similiter
1298 3787 1708 3890 constitutis,constat,

781 3899 977 3996 idemeffe
993 3932 1179 3992 centrum
1189 3911 1392 4020 gravitatis
1412 3935 1533 4022 atque
1546 3911 1707 4020 magni-

781 4022 933 4106 tudinis
943 4053 955 4113 5
967 4018 1120 4135 reliqua
1138 4026 1255 4106 certis
1274 4021 1420 4133 regulis
1436 4051 1521 4106 non
1534 4025 1707 4108 circum-

783 4133 948 4248 scripta,
970 4163 1040 4216 aut
1056 4165 1104 4220 ex
1123 4141 1240 4220 variis
1258 4141 1408 4222 naturis
1421 4140 1652 4252 composita,
1664 4144 1706 4224 in

781 4245 861 4335 alio
872 4253 1036 4362 pundo,
1046 4249 1161 4333 molis
1176 4277 1360 4336 centrum
1375 4251 1524 4340 habete
1534 4313 1545 4352 ‚
1557 4257 1600 4337 in
1613 4253 1705 4352 alio,

782 4370 999 4481 gravitatis.
1059 4367 1099 4449 Si
1120 4368 1322 4450 enimduo
1336 4365 1456 4458 solida
1477 4377 1510 4452 V
1529 4373 1581 4465 T,
1592 4373 1707 4483 cujus

784 4511 969 4568 centrum
990 4482 1226 4590 gravitatis,
1260 4493 1301 4568 δι
1338 4485 1629 4595 magnitudinis
1651 4489 1705 4580 R,

731 4685 735 4695 ,
785 4609 827 4694 ὅι
845 4599 971 4716 MN,
987 4598 1102 4710 cujus
1123 4623 1309 4718 centrum
1323 4602 1368 4700 S,
1382 4601 1548 4716 aequalia
1559 4597 1703 4742 secun-

1602 4714 1703 4803 dum
