3794 5266
382 209 505 372 ’,μθ
696 220 717 314 J
877 211 1368 340 Mecianicorum'
1548 356 1551 364 ¹

450 387 551 478 Aen
567 388 724 472 veliem
740 383 858 496 tertij·
875 385 1058 495 generis,
1078 407 1277 497 quatenus
1299 377 1546 495 gestatorum
1562 379 1703 508 predio
1714 381 1765 467 ab

271 599 272 607 p
393 535 518 596 onere
527 505 713 598 efficitur,
723 497 1019 583 confideremus
1033 532 1043 591 3
1057 482 1184 613 posito'
1200 493 1331 580 fulcro
1343 523 1387 580 tn
1405 503 1457 594 A,
1471 523 1654 610 potentia
1668 495 1712 580 in
1728 500 1764 583 C

260 681 265 688 ·
394 651 464 710 aut
479 629 523 706 in
541 624 583 704 D
602 615 778 703 existens
791 643 876 697 non
894 616 1043 728 premit
1066 611 1307 724 gestatorem
1326 619 1357 696 B
1377 611 1572 727 perinde,
1591 639 1718 738 'atque
1739 613 1766 696 st

394 733 797 826 nollointercedente
811 732 924 813 verte
934 727 1109 840 gestator
1119 721 1216 811 effet
1226 732 1375 842 pariter
1391 734 1438 813 in
1455 729 1576 813 Gaut
1588 726 1766 826 mmsed
1863 729 1867 738 '

395 849 666 953 mummium,
677 873 833 961 quanto
845 850 979 927 minor
993 843 1053 926 est
1070 847 1106 928 C
1123 846 1159 926 A
1175 871 1245 926 aut
1260 846 1302 926 D
1317 845 1367 940 A,
1384 841 1507 958 quim
1524 847 1602 928 BA
1616 881 1626 925 t
1641 846 1767 936 idem-

395 971 536 1090 quedc
547 965 745 1080 gestatore
763 965 815 1058 A,
831 957 1099 1072 posrtofulcro
1112 956 1157 1042 in
1170 965 1214 1056 B,
1226 958 1448 1043 dicendum
1465 958 1537 1044 est.
1559 965 1768 1072 Qarere·

395 1092 567 1203 ciprocae
585 1080 680 1165 sont
698 1077 909 1192 pressiones
932 1072 1136 1160 distantiis
1155 1073 1402 1186 gestatorum
1418 1074 1635 1174 abunere,
1664 1086 1706 1161 Bt
1730 1079 1765 1162 A

396 1205 592 1319 premitur
608 1221 654 1278 ut
673 1199 752 1278 CB
770 1217 840 1276 aut
858 1193 900 1274 D
912 1197 966 1290 B,
985 1197 1015 1276 Β
1042 1220 1178 1274 autem
1198 1194 1395 1308 premitur
1412 1219 1458 1274 ut
1474 1193 1559 1274 CA
1573 1217 1645 1274 aut
1661 1194 1706 1278 D
1720 1195 1768 1278 A.

397 1318 508 1404 cem
522 1319 633 1398 enim
656 1314 716 1393 vis
732 1304 815 1422 ipsa
831 1313 1036 1417 gravitatis
1055 1312 1187 1390 oneris
1201 1303 1387 1391 deorsum
1408 1304 1593 1400 conantis
1615 1335 1707 1421 apta
1724 1308 1767 1392 su

397 1435 506 1521 circa
520 1453 706 1514 centrum
722 1429 757 1508 A
771 1426 921 1505 moveri
939 1451 1013 1538 pro
1024 1428 1180 1508 ratione
1193 1421 1390 1507 distantiae
1403 1423 1570 1508 CAaut
1584 1425 1625 1508 D
1638 1428 1768 1522 A‚uti·

399 1579 481 1670 que
498 1551 541 1630 in
559 1553 590 1630 B
606 1569 763 1626 motum
784 1537 945 1622 efficere
960 1537 1084 1624 debet
1099 1567 1171 1653 pro
1187 1543 1340 1622 ratione
1359 1535 1557 1624 distantiae
1583 1542 1663 1624 BA
1683 1577 1694 1622 ε
1713 1539 1770 1624 est

397 1691 536 1752 autem
553 1665 590 1746 C
605 1665 638 1744 A
654 1655 777 1766 maior
791 1650 913 1767 quim
927 1656 970 1736 D
981 1659 1018 1738 A
1029 1677 1084 1738 err
1093 1655 1322 1768 hypothesi,
1336 1659 1524 1766 igiturex
1539 1653 1768 1763 8.iib.5.ma·

375 1783 460 1893 'jor
476 1777 534 1862 est
553 1778 677 1859 Ratio
695 1773 891 1853 momenti
908 1772 995 1854 CA
1013 1765 1136 1884 quim
1152 1775 1348 1853 momenti
1367 1773 1409 1852 D
1423 1773 1461 1852 A
1481 1772 1533 1856 ad
1555 1771 1665 1854 idem
1683 1801 1766 1854 mo-

400 1915 586 1984 mentum
599 1897 631 1975 B
644 1893 704 1986 A,
722 1913 769 1970 at
786 1884 957 1998 proinde
972 1886 1099 1994 major
1112 1887 1249 1998 preffio
1263 1883 1471 1996 gestatoris
1488 1893 1518 1970 B
1535 1885 1709 1970 efficitur
1722 1887 1770 1970 ab

337 2015 340 2022 ’
402 2039 527 2120 onere
539 2012 584 2090 in
599 2009 637 2090 C
650 1999 795 2116 ‚quern
808 1998 855 2082 in
867 2003 910 2083 D
921 1999 1154 2096 ,collocato
1197 2004 1353 2084 Contra
1366 1995 1466 2084 veri)
1482 2001 1722 2115 gestatorem
1739 2001 1771 2083 A

402 2125 532 2239 magis
547 2117 694 2236 premit
710 2147 812 2200 onus
822 2121 867 2198 iu
882 2117 926 2198 D
944 2121 1067 2228 qutim
1079 2112 1175 2202 inC
1192 2117 1377 2230 pomum,
1395 2113 1491 2230 quio
1505 2145 1639 2200 motus
1654 2113 1768 2230 respi-

405 2247 462 2328 cit
479 2265 665 2326 centrum
688 2241 745 2330 B,
767 2259 890 2346 atque
912 2225 1018 2314 aded
1034 2231 1087 2316 tid
1106 2233 1278 2314 eandem
1297 2230 1526 2314 distantiam
1553 2238 1630 2318 AB
1650 2239 1770 2335 maior

407 2357 465 2442 est
476 2359 601 2440 Ratio
610 2350 806 2437 distantiae
826 2347 911 2429 DB
930 2347 1118 2451 maioris,
1136 2344 1264 2458 quem
1278 2349 1355 2429 CB
1375 2349 1540 2430 minoris
1554 2348 1769 2432 distantiaer
1873 2437 1874 2440 p

406 2474 549 2560 eadem
562 2475 699 2553 autem
713 2459 1089 2562 memoriarum,
1108 2457 1362 2548 &motuum
1378 2466 1525 2563 Ratio,
1544 2493 1591 2550 ac
1606 2462 1775 2580 proinde

405 2611 716 2674 momentorum.
969 2615 973 2622 ⁴
1314 2631 1336 2642 --

469 2697 651 2788 Observa
664 2721 801 2780 autem
815 2692 920 2780 mihi
937 2687 1032 2779 ided
1050 2691 1105 2778 dc
1120 2693 1386 2807 gestatoribus
1408 2702 1543 2780 oneris
1558 2691 1772 2783 sermnem

285 2872 291 2883 ·
407 2815 539 2914 fuisse,
554 2843 601 2899 ut
609 2813 818 2928 duplicem
833 2805 1026 2893 effedum
1042 2807 1338 2896 sustentationis
1353 2841 1476 2928 atque
1490 2811 1691 2928 preffionis
1703 2845 1770 2899 ex-

408 2932 569 3055 pressiits
597 2923 955 3041 recognosceremr
973 2929 1045 3038 qui
1070 2927 1309 3010 enimouus
1330 2928 1524 3040 gestando
1544 2927 1774 3027 sustentant,

349 3109 351 3114 ,
408 3046 1159 3138 musculorumcontentioneconantes
1172 3041 1329 3128 elidunt
1343 3048 1540 3158 impetum
1552 3049 1689 3155 oneris
1705 3047 1772 3130 de·

408 3165 541 3252 orsum
551 3161 731 3258 nitentis,
744 3154 951 3272 &aliquid
965 3156 1201 3257 efficientes,
1213 3161 1314 3244 dum
1329 3159 1474 3244 Adire
1488 3157 1686 3257 resistunt,
1702 3192 1771 3244 no-

409 3313 505 3369 men
518 3280 711 3364 Potentiae
732 3299 950 3359 merentur.
975 3269 1079 3380 At'st
1099 3303 1201 3355 onus
1219 3272 1397 3386 palangae
1417 3305 1648 3360 connexum
1663 3275 1771 3360 susti·

276 3417 280 3423 “
409 3390 779 3488 nereturdduobus
792 3387 929 3473 fuloris
945 3391 990 3468 in
1005 3391 1269 3474 extremitate·
1277 3390 1525 3503 pofitis‚haec'
1537 3396 1678 3506 utique
1687 3393 1773 3480 citui

410 3515 543 3600 oneris
631 3509 743 3591 vitati
759 3499 873 3588 nullo
884 3529 1034 3588 conatu
1046 3499 1371 3601 adversarentur,⁴
1388 3504 1512 3590 solam
1525 3508 1773 3594 renuendam

313 3695 319 3708 .
410 3537 634 3721 Formaffi
646 3619 711 3708 suti
731 3618 929 3704 soliditate
941 3647 1207 3718 exercerent,
1231 3622 1493 3736 impediendo
1502 3651 1555 3704 ne
1572 3653 1772 3712 onustum

410 3737 582 3864 palangri
596 3730 942 3832 descendemus-ed
952 3729 1103 3818 nullom
1117 3733 1316 3852 haberent
1332 3736 1575 3824 Reiisttntii
1587 3743 1771 3838 Aditum,

412 3891 502 3979 quae
517 3857 595 3942 iilis
607 3857 805 3940 Potentiae
812 3847 1058 3966 vocabulum
1072 3849 1278 3938 tribueret.
1293 3849 1416 3936 Inhis
1430 3859 1576 3938 unicus
1585 3858 1772 3970 prtffionis

345 4080 348 4091 ι
412 3974 583 4066 effeetus
596 3967 866 4057 attendendus
879 3963 960 4061 est,
975 3978 1017 4054 Bt
1035 3966 1216 4052 validiori
1227 3967 1364 4053 'fulcro
1381 3970 1543 4084 propiits
1560 3974 1772 4057 admoven-

365 4095 367 4103 ’
412 4089 584 4188 domest
600 4117 719 4186 onus,
731 4115 783 4170 ne
798 4077 905 4182 forte
924 4079 1101 4170 fulcrum
1113 4083 1312 4171 infirmius
1327 4082 1452 4170 nimii
1461 4083 1775 4202 preffiouecoga-

413 4237 480 4298 tur
493 4203 769 4292 succumbere.
1459 4235 1464 4245 ·

471 4331 609 4412 Unum
627 4319 763 4403 adhuc
777 4323 822 4404 in
832 4315 1012 4434 palangae
1023 4311 1289 4427 gestatoribus
1299 4315 1594 4404 attendendum
1606 4319 1775 4419 est‚firi·

415 4443 522 4524 rium
537 4433 797 4550 inrequalium
812 4433 987 4531 fuerint,
1004 4441 1045 4516 δι
1059 4461 1161 4515 onus
1173 4461 1257 4515 non
1270 4429 1328 4515 ita
1348 4432 1395 4514 s1t
1412 4431 1593 4547 palangae
1610 4434 1773 4552 applica·

413 4581 517 4652 turn,
528 4579 574 4636 ut
584 4556 670 4665 ejus
683 4547 916 4636 distantiaeri
931 4547 1200 4665 gestatoribus
1210 4547 1286 4632 smt
1298 4555 1557 4664 permutatim
1573 4579 1621 4634 nt
1631 4579 1774 4637 eorum·

415 4670 512 4760 dem
523 4671 653 4764 vireu
669 4666 870 4760 nimirum¹
880 4669 1118 4782 contingere
1126 4659 1251 4779 poise,
1263 4691 1309 4750 ut
1323 4662 1491 4753 validior
1500 4665 1774 4780 gestatorum

1676 4807 1777 4898 1⁰¹²
