3794 5270
365 211 476 346 778
673 204 714 220 ”
810 188 1267 308 <Merinum

364 365 508 451 bifida.
520 358 578 447 illi
596 352 841 445 extremitati
857 359 976 442 inniti
992 385 1042 453 ,a
1091 385 1143 440 ue
1157 359 1343 442 eonnedi
1365 355 1501 444 valcat
1514 355 1746 444 martinon-

368 477 511 576 chleat,
523 505 613 592 quae
630 501 890 560 convertatur
902 471 1011 557 circa
1025 383 1164 588 pisinni
1176 472 1338 588 ingenti
1351 471 1528 587 nbjteo
1543 473 1668 590 lapidi
1684 481 1747 560 in-

366 595 599 690 sistentem,
617 587 685 678 std
699 583 744 676 eal
767 595 921 676 ratione
935 651 948 689 ,
962 617 1009 672 ut
1026 591 1191 674 demum
1207 595 1328 674 enain
1347 589 1446 704 lapis
1459 589 1590 675 attolli
1610 621 1746 708 queat.

217 819 222 828 ι
358 717 592 800 ’.Τηιιιςιιιιι
607 700 707 794 verb
725 703 864 801 illum,
883 705 1082 818 qui'praeli
1100 733 1270 790 munere
1291 705 1409 816 fungi
1433 705 1587 803 debet,
1606 736 1748 822 pm&

363 855 599 915 extremum
613 821 1112 917 caudicemctaffiffimum
1125 820 1390 918 dedolatum
1407 819 1621 908 interbina
1632 829 1748 936 tigna

370 943 474 1033 hinc
490 935 724 1056 atquehinc
738 936 782 1019 in
798 936 901 1021 aluei
916 935 1105 1020 lateribus
1119 936 1172 1020 ad
1184 935 1522 1050 perpendiculum
1536 939 1667 1025 aetla
1682 944 1746 1022 in.

279 1137 283 1148 ,
373 1060 586 1168 terjeilum
599 1053 765 1167 praelum
776 1052 903 1136 attolli
917 1083 963 1136 ac
975 1050 1148 1166 deprimi
1160 1052 1273 1166 pnffit
1283 1048 1746 1165 citrdimpedimenuun,

373 1173 487 1290 quod
500 1169 652 1284 alioqui
671 1166 753 1284 ipsa
767 1169 875 1252 rudis
888 1165 1073 1281 asperitas
1088 1195 1260 1279 pareret.
1296 1163 1423 1253 Potrd
1440 1167 1557 1280 tigna
1567 1167 1638 1254 illa
1655 1168 1749 1252 bina

358 1279 532 1384 ¹etesia,
555 1311 626 1368 aut
639 1315 690 1374 ex
703 1279 867 1371 adverso
884 1280 1066 1366 rotundis
1081 1281 1236 1397 aliquot
1250 1281 1514 1370 foraminibus
1529 1284 1749 1400 perforant,

231 1469 234 1474 .
359 1403 524 1533 quibus
538 1405 698 1484 immitti
717 1393 1353 1517 poffitcrafflusculuseylindrus,
1368 1395 1748 1497 seuferreusvedis,

363 1547 446 1604 ,aut
462 1517 528 1602 illa
542 1517 729 1602 incidunt
744 1515 908 1628 patente
918 1511 1038 1610 trenel
1048 1573 1062 1608 ,
1074 1516 1140 1594 cui
1154 1509 1270 1602 inseri
1283 1513 1413 1600 valeat
1423 1515 1747 1628 ,repagulumroe

267 1637 270 1644 ’
376 1631 544 1720 consilio
555 1659 624 1736 ,ut
636 1629 825 1715 alterutra
839 1629 947 1740 praeli
964 1623 1193 1712 extremitas
1204 1655 1278 1741 pto
1292 1634 1593 1742 opportunitate
1606 1633 1747 1744 probi.

378 1749 544 1845 beatur,
562 1777 613 1830 ne
627 1743 835 1842 ascendat,
852 1772 921 1826 aut
931 1739 1160 1828 descendat.
1192 1749 1331 1856 Qare
1347 1743 1566 1834 convoluta
1580 1747 1750 1833 cochlea

377 1863 525 1950 attollit
539 1866 745 1966 matricem
759 1918 771 1955 ,
787 1868 828 1944 δι
842 1858 1021 1973 opposita
1033 1855 1144 1972 praeli
1159 1861 1389 1943 extremitas
1404 1864 1548 1952 amotis
1560 1861 1749 1952 omnibus

296 2048 302 2054 .
378 1978 565 2096 subjediis
585 1973 783 2088 repagulis
798 1969 937 2058 sensim
949 1970 1157 2058 descendit
1173 1971 1269 2056 :ubi
1282 2001 1418 2058 autem
1432 1969 1485 2058 ed
1504 1980 1665 2060 tenerit
1678 2038 1691 2074 ,
1706 2005 1750 2059 ut

249 2125 252 2132 ·
359 2126 464 2181 non
484 2091 585 2178 absit
597 2093 650 2177 ab
663 2086 879 2174 altitudine
893 2117 1055 2186 eorum,
1072 2117 1161 2202 qua:
1177 2092 1222 2170 in
1241 2087 1431 2174 torculari
1442 2089 1638 2180 calcanda
1648 2087 1752 2192 sunt,

380 2207 614 2295 immittitur
626 2201 1316 2320 superibsrepagulum‚neamplius
1331 2203 1458 2296 attolli
1471 2205 1681 2300 ualeat5=T
1683 2237 1753 2292 um

379 2322 562 2410 revoluta
573 2321 620 2406 in
632 2316 878 2406 contrarium
890 2317 1060 2407 cochlei
1072 2317 1282 2416 matr-icem
1295 2345 1391 2404 cum
1401 2319 1509 2433 praeli
1522 2325 1753 2406 extremm-

377 2467 420 2526 te
432 2435 620 2529 deorsum
632 2433 782 2520 trahit:
798 2445 840 2522 &
853 2438 1046 2548 quoniam
1057 2433 1216 2546 reliqua·
1223 2439 1455 2521 extremitas
1470 2435 1600 2520 attolli
1608 2443 1754 2552 nequit

379 2555 566 2640 obstante
597 2549 826 2665 repagulo,
861 2575 1100 2664 premuntur
1126 2577 1212 2632 uva
1241 2610 1253 2648 ,
1290 2559 1333 2644 bt
1357 2554 1403 2636 in
1428 2552 1583 2636 Lacum
1607 2553 1755 2640 defluit

360 2669 573 2756 ,mustum
608 2667 691 2752 Ubi
708 2666 873 2750 demum
889 2659 995 2770 aded
1020 2655 1238 2778 compressa
1255 2663 1408 2752 suerint
1422 2671 1616 2765 vinacea,
1633 2699 1681 2754 ut
1691 2670 1754 2754 sa-

357 2813 360 2824 ’
384 2783 501 2873 cilius
524 2785 572 2868 lit
588 2781 763 2902 lapidem
777 2779 955 2866 cochleae
966 2779 1170 2864 adnexum
1188 2779 1393 2880 attollere,
1405 2779 1529 2896 quim
1542 2782 1611 2869 illa
1626 2791 1757 2898 tnagis

383 2905 649 3015 comprimere
662 2957 675 2996 ‚
688 2926 740 2982 ex
756 2891 935 2980 cochlea
953 2895 1213 2981 converfione
1228 2895 1424 2984 attollitur
1435 2898 1533 3010 lapis
1542 2931 1556 2992 ι
1568 2929 1693 3014 quem
1704 2905 1755 2986 ad
1867 2963 1868 2990 ,

318 3088 319 3091 ι
356 3017 634 3108 ··ruediocrem
648 3009 905 3098 altitudinem
926 3009 1129 3098 elevatum
1144 3013 1321 3124 pendere
1335 3014 1486 3101 diutius
1502 3021 1756 3130 permittunt,

384 3160 462 3231 ut,
483 3129 626 3245 lapidis
640 3125 839 3242 gravitate
864 3123 1051 3212 deorsum
1072 3153 1246 3215 conante
1265 3185 1279 3222 ,
1300 3125 1324 3210 al
1349 3127 1470 3242 praelo
1494 3129 1757 3246 exprimatur,

381 3245 806 3364 quantulumcumque
821 3239 940 3326 musti
950 3242 1087 3326 adhuc
1105 3240 1281 3329 vinaceis
1292 3243 1406 3328 inest.
1449 3247 1619 3360 Duplex
1631 3253 1758 3359 igitur

382 3359 454 3452 hle
484 3359 772 3446 confidtranda
798 3356 859 3442 est
874 3355 1016 3470 prellio
1044 3393 1056 3438 ι
1080 3353 1204 3441 altera
1227 3358 1392 3471 quidem
1414 3363 1453 3442 vi
1475 3367 1669 3474 potentiae
1685 3395 1758 3446 eo-

384 3477 546 3565 chleam
563 3475 793 3569 volventisr
818 3482 860 3558 δι
880 3467 949 3558 hle
975 3470 1145 3556 cochlea
1166 3501 1262 3556 cum
1286 3475 1401 3560 vesto
1416 3476 1580 3560 secundi
1595 3485 1759 3587 generis
1865 3471 1866 3538 l

385 3589 669 3706 componiturr
683 3587 742 3674 est
754 3592 864 3673 enim
879 3584 1207 3701 prolum-vedis,
1219 3591 1333 3700 cujus
1345 3590 1685 3702 hypomochlium
1701 3595 1760 3678 est

385 3711 431 3800 in
443 3713 491 3795 ed
504 3709 777 3803 extremitate,
790 3730 879 3819 quae
893 3700 1088 3817 repagulo
1101 3700 1360 3817 prohibetur,
1374 3735 1427 3788 ne
1440 3706 1649 3792 attollatur
1656 3741 1670 3802 ι
1685 3725 1761 3822 poa

385 3823 519 3914 tentia
529 3823 833 3908 autemvestem
842 3816 1075 3928 hujusmodi
1095 3820 1357 3933 deprimentis
1368 3825 1478 3906 uites
1489 3822 1576 3908 obit
1589 3825 1762 3910 cochlea
1864 3899 1865 3929 ,

385 3939 660 4029 claviculatim
679 3937 840 4029 strutar
859 3963 948 4050 qua
967 3960 1106 4019 tamen
1125 3929 1259 4023 mods
1277 3940 1478 4047 originem
1498 3967 1584 4022 non
1604 3939 1760 4026 habens

359 4145 366 4155 ,
387 4057 460 4144 fibi
475 4057 659 4160 infitam,
677 4055 868 4169 potentiae
885 4079 1034 4134 monus
1051 4061 1093 4138 bt
1107 4079 1258 4136 nomen
1271 4052 1466 4166 relinquit
1486 4058 1687 4140 vestiariis
1709 4057 1761 4140 il-
1863 4059 1864 4062 ‘

354 4265 358 4272 ,
387 4173 467 4261 lam
488 4169 748 4261 versantibus.
792 4165 932 4252 Altera
951 4167 1090 4278 preffio
1108 4165 1174 4268 fit,
1193 4161 1368 4256 cessante
1381 4169 1678 4258 convolutione
1692 4203 1761 4256 co-

388 4289 516 4374 chleae
531 4351 543 4388 ,
560 4291 601 4372 ti
624 4287 830 4400 gravitatis
851 4281 994 4395 lapidis
1021 4279 1193 4396 suspensa
1216 4317 1227 4375 r
1256 4293 1298 4370 ἃ
1322 4313 1421 4372 tunc
1442 4315 1529 4370 non
1543 4286 1620 4370 nili
1638 4289 1763 4372 Ratio
1862 4291 1863 4302 '

374 4408 513 4494 *venis
524 4400 1099 4514 interveniunquepooentia
1110 4397 1169 4482 est
1181 4395 1262 4514 ipsa
1272 4403 1462 4512 gravitas.

398 4553 402 4562 ·
446 4521 526 4608 Sed
537 4525 733 4638 quoniam
749 4547 834 4600 non
846 4509 1000 4628 ubique
1013 4517 1269 4628 reperiuntur
1277 4543 1347 4602 aut
1363 4544 1446 4604 tam
1458 4520 1652 4629 ingentes
1664 4516 1766 4634 lapi-

390 4633 485 4742 des,
498 4664 568 4728 aut
582 4631 812 4749 umlongae
827 4629 1017 4738 arbores,
1035 4634 1306 4726 communiter
1323 4631 1534 4724 universos
1553 4639 1767 4838 prenffii
