3780 5270
380 147 383 153 Δ
1104 111 1113 162 r

384 257 487 372 Μ
683 260 741 340 ,’“
833 193 1277 322 -Μθΐῆαηκθὶὶλὶ

377 383 463 476 nnn
478 364 650 462 omninb
666 359 813 456 smiles
834 359 1066 466 elsenr,aut
1087 395 1132 452 ur
1157 363 1467 486 uetilrsloqutr,
1494 367 1641 482 fingrtli
1665 377 1747 462 non
1861 415 1863 480 y

377 493 504 591 essent
521 489 693 608 aequales
706 483 871 597 fingulis
886 485 1078 579 dentibus
1089 489 1251 598 majoris
1269 491 1451 600 tympani
1464 489 1509 568 in
1519 489 1668 572 eodem
1676 519 1750 576 axe

379 612 599 717 existentia
623 597 827 690 Denturm
843 597 1047 713 equalitas
1061 603 1162 686 iniis
1175 601 1458 688 tantumodo
1470 606 1747 720 totisrequiri-

380 753 570 841 tyr,quae
582 722 656 808 libi
665 715 803 804 mutual
814 714 1135 804 collabellatione
1145 717 1396 802 cohaerentes
1406 721 1450 800 in
1463 717 1750 831 convolutione

380 841 545 953 dentem
561 835 751 924 dentibus
765 827 1002 946 implicantr
1020 833 1092 916 nisr
1115 837 1227 918 enirn
1247 831 1298 918 ab
1313 827 1434 916 unius
1452 861 1547 916 rota
1567 837 1752 922 dentium

381 955 604 1056 intervallis
616 943 778 1036 alterius
790 945 1122 1054 denter-subinde
1142 954 1441 1063 reciperentur,
1464 948 1549 1034 fieri
1563 981 1648 1036 non
1662 949 1750 1066 pos-

383 1079 441 1176 set
456 1061 664 1183 utriusque
683 1094 778 1150 rotat
798 1065 1019 1150 conversio.
1059 1061 1263 1178 ssaeterlrm
1287 1065 1345 1150 nil
1360 1064 1574 1180 prohibet,
1591 1053 1751 1181 quomi-

381 1177 459 1287 hirs
474 1197 517 1274 in
531 1185 708 1303 plurium
724 1183 920 1286 majorum
940 1207 1224 1291 tympanorum
1240 1183 1521 1295 complexione
1535 1181 1614 1266 alia
1633 1187 1755 1269 rario-

384 1342 473 1412 ωε,
492 1301 569 1388 alia
585 1297 773 1416 spilltores
787 1293 929 1380 dentes
941 1293 1122 1387 habeant
1135 1355 1146 1393 ,
1161 1297 1385 1380 dummodo
1405 1295 1569 1408 singulis·
1585 1300 1752 1410 majori-

382 1425 461 1532 bl¹⁸
471 1413 625 1529 singula
636 1408 998 1524 minora,rlqurbus
1012 1407 1081 1494 illa
1095 1440 1253 1496 morum
1264 1409 1757 1528 recipiunr„relpondernt

245 1563 248 1574 '
287 1626 292 1644 ,
383 1527 778 1644 similibusdentibus
791 1526 981 1612 institua
995 1528 1174 1622 ,etiamfi
1191 1527 1237 1612 hi
1258 1527 1458 1612 dilsrmilcs
1475 1526 1551 1609 srnt
1565 1527 1758 1614 dentibus

386 1651 568 1773 tympani
584 1645 628 1728 in
643 1645 790 1728 eodem
804 1671 881 1729 axe
895 1645 1082 1724 connexi.
1127 1645 1168 1726 Si
1187 1647 1296 1728 enim
1314 1638 1456 1758 prioris
1472 1641 1633 1749 majoris
1653 1673 1756 1757 tym-

386 1775 482 1890 pani
498 1763 728 1882 peripheria
741 1759 786 1842 sit
806 1763 849 1841 in
864 1745 1007 1864 dentes
1022 1791 1076 1862 24
1086 1755 1311 1858 distributa,
1325 1762 1490 1844 minoris
1502 1786 1643 1842 autem
1657 1788 1757 1870 tym-

406 1873 411 1882 ’
441 1888 483 1970 ui
496 1879 631 1965 eidem
653 1881 718 1958 axi
734 1871 851 1958 infixi
870 1875 1099 1988 peripheria
1114 1871 1333 1960 stridentes
1347 1873 1516 1971 habeat,
1532 1871 1602 1957 sed
1617 1902 1757 1964 eorum

386 1916 577 2088 hismari
592 1991 668 2076 sint
683 2017 729 2071 ut
746 1989 831 2096 yad
852 2025 872 2072 2
888 1993 1055 2102 ,utique
1072 2019 1211 2072 eorum
1225 2018 1359 2074 motus
1374 2019 1456 2074 non
1468 1988 1590 2072 aliam
1607 1985 1757 2078 habeut
1862 2009 1863 2018 '

389 2121 608 2226 Rationem
635 2101 759 2224 quim
780 2097 1097 2219 sesquialteram,
1116 2101 1219 2188 licbt'
1241 2107 1427 2190 dentium
1449 2110 1609 2191 numeri
1627 2103 1759 2200 sintin

389 2232 567 2328 Ratione
582 2215 818 2340 quadrupli.
848 2221 962 2304 Idem
975 2217 1095 2334 plane
1107 2219 1328 2308 dicendum
1344 2219 1396 2304 de
1410 2217 1588 2304 secundo
1603 2247 1758 2343 tympa-

390 2336 447 2435 no
461 2343 636 2450 majore,
654 2337 766 2452 quod
789 2335 840 2420 ad
865 2339 1006 2447 prioris
1024 2364 1181 2420 morum
1204 2329 1460 2421 convolvitur
1478 2369 1491 2429 5
1512 2334 1637 2441 hujus
1658 2343 1762 2423 enirn

390 2448 525 2558 motus
539 2447 1162 2572 paritercomparandirsestcum
1176 2478 1291 2537 motu
1311 2453 1490 2565 tympani
1506 2455 1678 2536 minoris
1694 2451 1760 2538 sthi

392 2565 604 2676 conunc‘ti
622 2566 792 2680 speclari·
804 2565 1092 2652 diametrorum
1102 2569 1301 2664 Ratione,
1316 2595 1400 2650 non
1415 2566 1603 2651 dentium
1624 2567 1765 2652 multi·

391 2677 558 2786 tudine,
574 2711 623 2768 ut
635 2708 839 2776 momenta
853 2677 1121 2766 innotescant.
1167 2685 1305 2798 Qare
1325 2679 1401 2764 illan
1419 2681 1608 2782 dentium
1625 2681 1761 2770 multi-

265 2829 286 2909 ᾗ
393 2805 556 2905 tudines
587 2801 764 2882 invicem
791 2822 1027 2993 compararat
1053 2793 1142 2880 satis
1169 2795 1336 2910 quidem
1367 2795 1526 2880 faciunt
1555 2801 1762 2910 quaerenti,

394 2923 556 3036 quoties
570 2915 752 3030 porentia
765 2939 887 2992 manu
919 2913 1022 2996 rium
1034 2915 1359 3022 circumagat,ut
1372 2907 1490 2996 semel
1506 2940 1764 2998 convertatur

394 3039 520 3132 Axis,
537 3031 661 3146 quem
677 3029 879 3112 duciarius
895 3023 1004 3110 funis
1022 3026 1320 3141 'complestiturs
1332 3021 1400 3112 sed
1418 3024 1566 3140 quibus
1579 3057 1761 3110 momen·
1861 3035 1862 3052 ¹

395 3139 446 3250 tis
472 3151 515 3234 id
539 3141 722 3262 perficiat
739 3135 820 3255 ipsa
841 3137 1143 3256 potentia,sola
1156 3141 1443 3226 diametrorum
1459 3143 1583 3226 Ratio
1599 3141 1764 3260 spedata
1861 3219 1862 3222 γ

393 3263 607 3358 indicabit.
885 3285 911 3354 .;
1378 3342 1386 3350 ,
1436 3261 1439 3270 ’

455 3379 534 3462 Sed
562 3370 630 3460 hle
647 3369 717 3456 ubi
735 3367 1023 3456 diametrorum
1050 3363 1197 3451 incidit
1223 3372 1378 3465 mentio
1406 3377 1686 3487 (quamquam
1708 3403 1764 3460 res
1861 3361 1862 3388 Ν

361 3591 363 3596 ,
395 3493 656 3598 Methanittc
669 3491 712 3568 in
721 3491 881 3682 praxim
890 3485 1071 3570 deduuae
1086 3479 1196 3566 tanti
1208 3479 1426 3568 subtilitate
1442 3515 1526 3570 non
1539 3487 1763 3602 indigeant)

398 3605 551 3696 nonest
564 3602 717 3688 diffimu
735 3599 1073 3714 andumaliqnam
1084 3593 1303 3684 necessariis
1314 3601 1567 3684 intercedere
1582 3633 1761 3706 momen-

397 3753 533 3814 torum
554 3715 865 3833 inequalitatem
879 3719 924 3798 in
943 3709 1027 3830 ipso
1041 3741 1180 3814 motu,
1199 3713 1365 3829 qnando
1384 3735 1668 3829 tympanorum
1680 3747 1764 3800 am·

398 3843 506 3928 bitus
522 3829 784 3940 elidendum
804 3825 986 3914 incisuris
997 3828 1196 3944 asperatus
1212 3866 1220 3911 :
1241 3857 1335 3912 cum
1355 3834 1467 3911 enim
1479 3835 1651 3916 extremi
1666 3833 1765 3916 den·

397 3962 502 4040 tium
515 3955 648 4070 apices
665 3945 843 4030 dcentro
859 3947 986 4055 magis
997 3945 1128 4028 abfint
1140 4001 1155 4042 ,
1167 3941 1463 4058 qntlmanguli,
1480 3949 1523 4028 in
1538 3947 1766 4060 quibussrbi

398 4071 545 4158 dentes
572 4087 827 4168 occurrunt,
859 4089 946 4142 non
972 4059 1033 4145 est
1057 4057 1273 4172 utrobique
1312 4059 1457 4144 eadem
1482 4061 1677 4148 movendi
1706 4061 1765 4146 sa-

397 4185 527 4273 eultas
554 4243 570 4282 ,
595 4184 746 4296 quippe
773 4179 864 4290 qua
895 4178 939 4258 in
969 4179 1121 4284 majore
1153 4167 1177 4256 d
1208 4201 1349 4258 centro
1376 4170 1564 4258 distantis
1602 4178 1772 4262 validior
1860 4231 1861 4252 ,

398 4299 480 4397 cst,
498 4301 649 4384 eaeteris
664 4292 840 4409 paribus.
887 4293 1064 4376 Eatenus
1088 4287 1238 4376 scilicet
1259 4317 1346 4374 rota
1359 4319 1485 4376 rotam
1513 4321 1659 4404 urget,
1673 4321 1769 4409 qua·

361 4511 365 4524 ¹
398 4446 520 4502 tenus
544 4439 630 4496 rota
661 4438 828 4493 movens
855 4403 1073 4494 stridentis
1103 4403 1221 4524 apice
1247 4409 1454 4517 contingit
1487 4405 1638 4492 faciem
1668 4413 1767 4495 den-

399 4531 450 4617 tis
479 4561 605 4627 rotat,
639 4553 728 4641 quae
764 4551 955 4609 moretur
979 4559 992 4606 ε
1020 4523 1090 4606 hic
1117 4549 1256 4612 autem
1286 4525 1493 4607 contaetus
1519 4525 1698 4641 ptimhm
1722 4522 1770 4605 lit

399 4646 528 4766 prope
560 4639 790 4756 angulum,
814 4639 900 4736 hoe
926 4637 989 4730 est
1010 4635 1146 4734 ninus
1173 4637 1319 4758 procul
1342 4636 1367 4728 t
1400 4663 1543 4727 centro
1563 4702 1583 4743 ,
1614 4651 1658 4730 δι
1683 4637 1768 4840 [ᾗ
