3818 5264
424 173 580 295 Liber
585 181 795 337 primm,
820 180 1046 296 ‘CAPuT
1071 187 1161 296 XI
1176 185 1244 297 V,
1370 307 1374 312 ,
1450 227 1534 328 91.

141 351 293 437 secans
318 344 459 460 anguli
476 343 749 428 inclinationis
763 345 984 456 exprimat,
1011 347 1324 454 gravitationem
1339 345 1383 428 in
1404 345 1543 460 plano·

142 465 344 550 inclinato
358 463 537 558 Radius,
550 465 744 572 Tangeris
760 453 858 544 verd
879 465 1192 572 gravitationem
1211 466 1254 543 in
1276 460 1442 574 planum
1460 468 1527 549 in-

138 579 356 668 clinatum.
390 583 430 662 Si
444 582 557 663 enim
584 578 841 693 Qadratum
859 577 952 660 DC
972 575 1125 692 aequalc
1139 575 1199 660 cst
1212 578 1416 692 quadratis
1429 580 1528 680 DF,

142 703 231 784 &F
247 699 285 782 C
303 691 418 782 limul
433 693 597 806 sumptis
612 753 624 790 ,
637 723 720 776 non
735 694 874 776 tamen
887 689 994 776 linea
1013 695 1057 776 D
1071 693 1107 776 C
1123 692 1287 808 aequalis
1305 693 1364 777 est
1377 719 1527 808 aggre-

139 841 241 926 gato
260 811 460 924 linearum
476 813 561 898 DF
580 811 717 896 &FC
747 845 758 890 ι
789 809 1155 923 nequeeademest
1172 809 1420 894 interlineas
1443 813 1546 903 DF·

143 941 189 1016 δι
208 931 304 1016 DC
323 927 447 1014 Ratio
460 987 471 1024 ‚
486 955 574 1040 quae
587 929 696 1008 inter
710 955 850 1010 earum
865 925 1085 1038 quadratas
1106 925 1173 1010 sed
1185 923 1243 1009 est
1258 921 1331 1010 sub
1343 926 1530 1041 duplica-

143 1045 512 1159 niqnadratorum:
534 1047 674 1159 Qnre
689 1071 786 1126 cum
801 1046 1016 1152 gravitatio
1037 1045 1080 1128 in
1094 1039 1214 1158 plano
1226 1040 1527 1130 inclinatoDC

140 1163 198 1250 ad
215 1163 527 1272 gravitationcm
537 1161 582 1240 in
595 1155 946 1272 perpendiculari,
965 1188 1049 1242 non
1067 1159 1112 1240 fit
1131 1185 1176 1240 ut
1187 1157 1428 1272 quadratum
1443 1161 1529 1245 DF

141 1279 200 1362 ud
213 1277 456 1390 quadratum
474 1277 516 1360 D
531 1275 568 1360 C
584 1309 596 1368 r
610 1271 678 1360 scd
693 1299 739 1356 ut
752 1271 860 1359 linea
877 1273 961 1360 DF
979 1273 1029 1358 ad
1044 1273 1192 1357 lineam
1204 1277 1247 1362 D
1260 1271 1465 1374 erustrcl
1478 1273 1531 1362 ad

144 1393 344 1510 quadrata
363 1390 638 1509 confugimus,
655 1419 832 1504 quorum
844 1386 956 1472 nulla
973 1388 1044 1474 hlc
1060 1389 1236 1484 habetur
1247 1396 1359 1474 ratio.
1417 1461 1420 1468 ,
1635 1486 1639 1496 ,

208 1514 255 1592 [ιι
266 1535 316 1592 eo
328 1512 466 1622 itaque
481 1509 750 1622 aequivocatio
761 1503 953 1602 consistit,
965 1507 1076 1620 quod
1086 1507 1246 1620 pondus
1262 1511 1308 1591 in
1323 1511 1366 1592 D
1381 1507 1532 1594 consti-

143 1652 307 1720 tutum,
322 1634 362 1710 &
374 1623 621 1738 applicatum
635 1621 803 1708 brachio
820 1621 915 1704 DC
937 1625 1168 1736 concipitur
1182 1617 1261 1706 ell'c
1275 1627 1319 1706 in
1336 1623 1458 1738 plano
1471 1631 1533 1709 in·

142 1740 302 1824 clinnto
323 1743 441 1836 DC,
461 1768 601 1824 contra
619 1733 742 1852 quim
757 1765 817 1820 res
830 1735 913 1820 est:
933 1743 978 1847 in
997 1769 1048 1822 eo
1061 1737 1257 1850 siquidem
1268 1737 1390 1854 plano
1404 1741 1530 1826 intel-

144 1855 363 1966 ligendum
382 1854 465 1954 est,
484 1861 527 1938 in
542 1885 625 1970 quo
637 1854 688 1938 ad
705 1883 863 1938 motum
874 1851 1192 1948 determinatur,
1211 1853 1312 1939 illud
1323 1885 1460 1942 autem
1472 1856 1535 1962 est

146 1973 319 2088 planum
338 1974 381 2054 D
396 1971 462 2068 G,
481 1971 592 2086 quod
608 1973 741 2080 tangit
754 1969 954 2055 circulum
969 1971 1056 2052 ED
1073 2004 1084 2064 ι
1104 1980 1144 2084 δι
1161 1969 1213 2052 src
1228 1971 1443 2087 deinceps,
1458 2002 1532 2088 pro

144 2117 191 2170 nt
209 2084 374 2172 diversa
395 2086 535 2172 circuli
560 2089 710 2202 poncia
739 2083 763 2169 i
792 2086 957 2170 divctlis
980 2085 1110 2198 planis
1137 2091 1327 2198 contingi
1355 2083 1529 2203 poliunt.

145 2207 290 2321 Qare
309 2207 357 2288 in
380 2205 424 2288 D
442 2229 695 2286 momentum
706 2203 757 2286 ad
769 2198 1098 2286 descendendum
1125 2224 1199 2314 per
1215 2203 1258 2284 D
1272 2205 1312 2288 G
1329 2205 1381 2288 ad
1402 2215 1532 2291 totam

144 2317 589 2430 gravitationemestut
613 2320 656 2400 D
671 2322 701 2406 F
716 2319 768 2402 ad
784 2320 827 2400 D
841 2317 906 2413 G,
924 2319 1004 2402 hoc
1019 2317 1136 2402 estut
1154 2321 1231 2402 FC
1251 2319 1303 2403 ad
1322 2321 1441 2417 CD,
1459 2347 1532 2436 per

148 2445 184 2520 8.
199 2433 318 2518 lib.6.
334 2434 485 2522 hoccst
499 2464 545 2518 ut
568 2437 647 2521 FC
669 2433 723 2517 ad
747 2435 843 2518 EC.
888 2433 958 2516 Est
975 2437 1100 2544 igitur
1112 2431 1450 2520 braclrinmlibrae
1463 2436 1532 2522 seu

145 2555 273 2636 vetris
293 2553 386 2636 CD
401 2612 412 2650 ,
429 2547 624 2638 sustinens
641 2550 801 2664 pondus
815 2547 882 2634 scu
896 2553 1122 2662 potentiam
1144 2551 1213 2650 D,
1235 2581 1324 2666 qun
1342 2543 1530 2638 cum'htt-

146 2665 242 2752 beat
256 2671 363 2754 vires
378 2664 581 2752 univerlis
598 2693 644 2748 ut
658 2668 689 2750 E
704 2668 766 2763 C,
788 2670 1065 2778 gravitationis
1079 2693 1215 2752 antem
1229 2695 1435 2752 momenta
1452 2669 1529 2756 ha.
1550 2727 1555 2736 .

146 2779 243 2868 beat
260 2781 388 2868 solitm
409 2809 455 2866 ut
481 2785 582 2880 FC,
605 2778 864 2896 impedituri
879 2779 1099 2868 sustinente
1125 2809 1171 2866 ut
1194 2781 1266 2871 FE
1286 2820 1297 2879 3
1315 2782 1374 2867 est
1392 2813 1530 2874 autem

148 2899 178 2984 E
193 2905 223 2985 F
252 2903 376 2985 Sinus
400 2896 548 2984 Versus
573 2896 713 3016 anguli
737 2904 767 2985 F
782 2901 898 2996 CD,
920 2899 1002 2982 hoc
1015 2897 1075 2984 est
1091 2897 1229 3010 anguli
1254 2898 1532 3006 inclinationis

148 3019 235 3104 FD
253 3015 309 3100 G.
361 3018 501 3128 Qare
523 3018 737 3128 gravitatio
761 3015 951 3130 ponderis
965 3011 1107 3098 contri
1125 3009 1350 3128 subjectum
1370 3033 1533 3131 corpus,¹

150 3133 264 3247 quod
284 3133 455 3246 impedit
475 3159 632 3216 motum
657 3128 1033 3244 perpendicularem
1049 3189 1061 3227 ,
1077 3131 1129 3214 ad
1149 3156 1276 3214 totam
1292 3137 1529 3246 gravitatis·-

150 3279 245 3336 nem
257 3247 345 3344 est,
369 3273 415 3329 ut
431 3249 548 3331 Sinus
564 3245 710 3334 Versus·
724 3246 864 3359 anguli
885 3245 1160 3332 inclinationis
1179 3247 1312 3363 plani,
1332 3278 1405 3365 per
1417 3249 1531 3366 quod

152 3365 242 3452 fieri
257 3363 394 3480 potest
410 3368 564 3461 motus,
578 3362 630 3446 ad
645 3363 835 3446 Radium.

208 3485 327 3568 Hinc
347 3481 461 3564 vides
486 3473 819 3594 valde‘disparcm
843 3474 922 3564 effe
951 3482 1147 3563 rationem
1176 3481 1453 3592 gravitationis
1485 3485 1530 3568 in
1634 3551 1642 3564 .

152 3595 386 3684 sustinendo
397 3623 563 3709 corpore
581 3591 798 3694 inclinato,
817 3592 1097 3680 stilludlibcri
1111 3601 1265 3680 n'rovcri
1283 3599 1420 3709 polin,
1437 3601 1529 3685 acsi

152 3720 259 3800 circa
276 3740 463 3797 centrum
477 3709 790 3824 perfici'debeat
805 3739 950 3795 motus.
989 3712 1139 3795 Namfi
1158 3713 1250 3796 DC
1268 3714 1315 3796 fic
1326 3715 1530 3814 columna,

151 3859 219 3917 aut
231 3859 337 3943 pons
357 3823 884 3940 versatilis,retinentnrque
899 3831 941 3910 in
958 3828 994 3910 C
1005 3887 1016 3926 ‚
1031 3831 1115 3942 jam
1140 3831 1335 3941 punctum
1347 3833 1384 3913 C
1397 3837 1530 3916 vicem

152 3947 343 4033 obtinens
368 3941 531 4059 subjetii
556 3941 666 4057 plani
690 3949 703 4042 ,
725 3941 917 4059 illiusque
940 3972 1109 4028 munere
1136 3945 1313 4058 fungens
1333 4007 1345 4045 ,
1365 3943 1531 4034 sustinet

152 4063 342 4180 ponderis
358 4088 512 4176 partem
532 4062 626 4158 EF,
643 4058 798 4176 reliqua
821 4061 923 4159 FC,
943 4089 1032 4175 qnae
1051 4059 1110 4145 est
1136 4061 1319 4146 mensura
1333 4070 1531 4149 momenti

153 4183 203 4265 ad
225 4175 590 4275 descendendum,
612 4173 736 4261 debet
764 4173 945 4261 sustineri
970 4176 994 4260 ἓι
1017 4181 1199 4292 potentia
1226 4205 1383 4262 metum
1403 4183 1530 4294 impe-

154 4289 293 4382 diente
309 4323 384 4410 per
399 4297 442 4376 D
456 4294 511 4377 G.
545 4297 615 4378 Sin
628 4322 765 4378 autem
783 4322 856 4408 per
871 4291 964 4378 DC
985 4293 1152 4407 planum
1170 4293 1361 4378 columna
1375 4301 1531 4382 moueri

158 4415 268 4532 poliit
281 4409 388 4496 rens
400 4421 442 4496 δι
455 4405 699 4495 descendere
711 4471 724 4508 ,
735 4407 1077 4496 visdescendcndi
1090 4412 1140 4494 ad
1154 4437 1278 4509 totam
1294 4417 1530 4524 gmvitatio·

158 4560 249 4618 nem
263 4527 325 4615 cst
340 4556 386 4612 ut
403 4527 488 4614 DF
505 4528 554 4612 ad
576 4529 619 4610 D
634 4531 670 4611 C
684 4588 697 4625 ,
710 4531 924 4638 gravitatio
942 4551 1079 4610 autem
1104 4534 1245 4609 contris
1267 4524 1530 4633 sustinentem

154 4649 274 4737 estad
288 4674 419 4730 totam
431 4647 803 4755 gravitationemne
815 4647 931 4730 Sinus
944 4641 1091 4730 Versus
1102 4641 1243 4726 annuli
1258 4643 1533 4754 inclinationis

1149 4755 1440 4852 Mt,

157 4829 266 4884 ἐδτι·
359 4860 363 4866 -
