3808 5262
451 231 833 353 L'iferte'rtim.
882 244 1095 356 CAPUT
1133 248 1204 353 11.
1404 259 1523 383 2‘41‘

130 407 258 489 unica
273 400 377 489 libra
385 404 514 548 fartis
532 403 569 487 C
587 403 843 489 tantumdem
856 402 982 490 habet
996 405 1216 504 momenti,
1234 430 1434 520 quantum
1447 407 1532 494 ha:
1576 393 1582 396 ’
1689 409 1734 424 “

132 521 252 606 beret
272 521 300 602 st
318 547 402 603 toto
414 549 466 603 ex
487 523 525 603 A
540 517 748 635 penderet.
1525 553 1532 568 ·

198 638 401 751 Equidem
417 665 469 719 ex
486 635 573 733 his,
597 663 686 748 quae
748 631 823 722 ulb
836 661 932 721 ante
941 635 1133 722 dicebam
1153 631 1436 730 defectoribus
1454 671 1520 728 te-

132 750 364 836 ferentibus
379 773 587 838 momenta
606 753 699 836 brac
735 746 1528 870 iorum,aliquandoebdeveni‚utsus·

135 874 435 984 picarertottm
455 871 695 979 gravitatem
715 867 869 985 brachij
902 871 943 954 O
958 870 1003 954 N
1034 873 1047 965 (
1061 870 1169 952 idem
1192 867 1261 951 dic
1285 869 1339 953 de
1365 870 1524 987 reliquo

139 989 182 1070 O
199 985 271 1077 Μ)
284 979 600 1096 intelligendam
617 977 696 1068 eise
708 985 975 1068 ibi‘exotcere
1001 1003 1133 1068 totum
1152 1011 1431 1092 momentum,
1450 989 1524 1095 ubi

135 1099 201 1184 est
216 1099 329 1214 quast
344 1127 533 1182 centrum
554 1105 738 1184 omnium
754 1098 916 1206 suorum
927 1107 1251 1198 momentorum,
1270 1099 1351 1184 hoc
1365 1101 1438 1200 est,
1454 1103 1527 1188 ubi

136 1243 349 1302 momenta
366 1213 549 1296 bifariam
561 1216 816 1322 dividuntur.
863 1219 902 1300 Si
919 1243 1056 1302 autern
1069 1211 1194 1302 senor
1218 1217 1262 1298 N
1279 1218 1372 1300 OR
1401 1218 1527 1304 refert

137 1361 277 1415 totum
303 1355 556 1414 momentum
582 1331 738 1446 brachij
758 1335 799 1416 O
813 1332 858 1416 N
877 1364 888 1424 3
916 1357 998 1412 non
1014 1330 1073 1416 est
1088 1329 1405 1442 intelligendum
1425 1363 1527 1440 cen-v

141 1475 251 1530 trum
279 1446 359 1529 hoc
379 1471 679 1528 momentorum
694 1441 773 1530 eise
788 1447 986 1562 punctum
1001 1448 1057 1543 L,
1087 1443 1159 1528 ubi
1176 1445 1239 1529 est·
1260 1441 1419 1534 semiffis
1434 1447 1536 1534 bra-¹

142 1564 230 1676 thij
252 1564 378 1654 ON3
400 1563 495 1674 quia
515 1565 651 1646 Sestos
669 1563 888 1674 LoQad
907 1563 1110 1645 sectorem
1132 1564 1285 1646 Nou
1305 1561 1423 1647 estin
1440 1565 1527 1648 Ra-

142 1685 258 1762 tione
279 1677 479 1794 Qadrati
507 1679 594 1760 OL
610 1677 661 1760 ad
678 1679 938 1788 Quadratum
954 1681 995 1760 Ο
1009 1677 1076 1774 N,
1101 1678 1213 1791 quod
1227 1674 1287 1766 est
1300 1677 1408 1762 illius
1424 1709 1528 1796 qua·
1560 1735 1564 1755 ,

145 1793 354 1907 druplum:
403 1791 532 1906 Qod
551 1792 579 1876 st
599 1797 706 1876 inter
721 1795 807 1878 OL
826 1803 870 1882 &
888 1795 984 1878 ΟΝ
1010 1789 1190 1876 sumatur
1213 1793 1348 1876 medio
1362 1811 1532 1911 propot-

147 1907 310 1993 tionalis
331 1911 449 2004 OV,
459 1904 683 2020 jamsedor
700 1911 845 1996 VOT
861 1905 1200 1992 estadSeciorem
1219 1911 1369 1992 NOR
1392 1913 1435 1992 in
1450 1913 1529 1996 du-

145 2018 294 2142 plicatus
317 2026 494 2107 Ratione
510 2025 737 2108 Radiorum
761 2025 879 2122 OV,
910 2025 1090 2120 &’O'N,
1113 2021 1275 2140 hocoest
1291 2051 1336 2106 ut
1366 2027 1454 2110 OL
1481 2027 1533 2112 ad
1569 2095 1575 2109 .

146 2146 190 2226 O
205 2143 275 2234 N,
291 2139 371 2222 hoc
383 2136 444 2222 est
458 2165 504 2219 ut
525 2167 537 2219 1
558 2139 609 2227 ad
627 2165 731 2232 trac
747 2165 958 2254 propterea
971 2139 1109 2222 Sedot
1127 2143 1168 2246 y
1183 2141 1226 2222 Ο
1238 2141 1278 2220 Τ
1297 2134 1459 2254 aequalis
1474 2139 1535 2224 est

149 2259 357 2370 Trapezio
378 2258 421 2337 N
437 2259 474 2338 V
488 2257 578 2336 TR
595 2288 606 2348 3
628 2255 797 2369 proinde
815 2261 859 2337 in
877 2261 914 2339 V
930 2253 1175 2341 videbantur
1187 2251 1310 2337 divisa
1327 2255 1535 2370 aequaliter

146 2397 370 2459 momenta.
413 2369 529 2452 Hine
541 2367 762 2482 arguebam
775 2367 840 2456 vel
856 2396 982 2453 totam
997 2367 1152 2482 brachij
1171 2360 1413 2478 gravitatem
1432 2401 1534 2454 cen-

148 2485 317 2572 sendam
327 2477 408 2567 effe
424 2481 492 2567 sua
502 2511 691 2570 exercere
701 2494 908 2568 momenta
922 2490 966 2568 in
977 2489 1130 2598 puncto
1143 2482 1341 2568 distantiae
1354 2485 1377 2569 1
1392 2510 1537 2578 centro

147 2600 451 2688 motds'mediae
476 2597 786 2713 proportionalis
815 2603 920 2683 inter
937 2595 1132 2684 semissem
1157 2597 1296 2684 brachi
1300 2628 1315 2714 J
1347 2610 1390 2687 δι
1409 2628 1538 2687 totam

150 2713 316 2830 brachij'
343 2714 700 2826 longitudinem„
717 2713 784 2799 vel
816 2718 862 2800 in
883 2719 1143 2803 extremitate
1178 2712 1334 2830 brachij
1366 2713 1537 2800 censen·

150 2835 249 2919 dam
271 2826 354 2941 effe,
368 2830 546 2944 pendere
563 2835 839 2942 gravitatem,
864 2823 953 2944 quat
977 2831 1113 2914 medio
1126 2825 1227 2911 'loco
1251 2837 1535 2946 proportiona-

150 2951 203 3034 lis
214 2949 284 3149 ffstt
315 2952 421 3029 inter
450 2961 576 3030 totam
610 2945 766 3064 brachij
797 2945 976 3060 ejusdem
1008 2949 1248 3058 gravitatem
1284 2957 1326 3032 δι
1359 2948 1445 3056 ejus
1476 2944 1536 3030 se-
1680 2981 1683 2986 ·

151 3092 211 3152 mr
245 3091 323 3148 em.
749 3146 754 3159 ,

218 3177 375 3288 Verium
388 3235 402 3277 ,
416 3207 463 3262 ut
481 3179 592 3294 quod
613 3205 674 3262 tes
691 3175 751 3264 est
765 3177 1126 3295 fincerbeloquam
1144 3181 1328 3294 quamvis
1341 3181 1384 3260 in
1403 3179 1538 3263 Sedo-

154 3295 273 3403 ribus
307 3291 417 3390 illn,
451 3325 554 3409 quos
590 3290 716 3406 paulb
754 3319 850 3377 onte
885 3297 1290 3390 commemorabam,
1319 3297 1540 3405 imaginem

155 3410 365 3528 quandam
407 3418 708 3496 momentorum
752 3412 958 3520 gravitatis
1006 3407 1229 3494 stcunditm
1280 3407 1551 3496 brachiorum

157 3525 462 3638 longitudinem
501 3523 725 3620 distributae
760 3523 1020 3635 agnoscerem
1053 3531 1064 3622 ς
1100 3537 1195 3608 'non
1234 3535 1370 3608 tamen
1415 3529 1458 3608 in
1499 3556 1540 3611 re

157 3641 333 3756 Physrcd
347 3636 437 3725 satis
454 3633 631 3728 fideba'm
656 3641 928 3724 Geometri'cae
946 3640 1364 3723 illi-commentationi
1386 3677 1394 3722 t
1417 3647 1539 3755 quip-

156 3789 213 3876 pe
238 3760 311 3873 qui
335 3755 594 3842 observabam
616 3755 889 3840 tsettoribus·
911 3755 1079 3870 quidem
1101 3759 1200 3869 poni
1222 3755 1275 3839 ob
1298 3755 1437 3840 oculos
1456 3761 1541 3840 Ra·

157 3881 319 3960 tionem
342 3900 645 3958 momentorum·
662 3871 913 3986 singulorum
937 3870 1196 3956 brachiorum
1217 3901 1268 3956 ex
1291 3899 1405 3954 motu
1428 3929 1439 3968 ,
1467 3875 1541 3986 qui

158 3992 274 4076 idem
290 3985 382 4086 est,
411 3987 495 4072 fite
515 3987 673 4084 multu,
695 3986 778 4072 five
797 3989 958 4072 modica
974 3986 1022 4070 fit
1046 3991 1221 4098 gravitas
1239 4047 1251 4084 ,
1275 3986 1358 4070 five
1386 3990 1540 4086 inuno,

82 4206 89 4222 ,
159 4101 248 4192 fite
271 4107 316 4186 in
340 4099 420 4186 ulio
444 4107 597 4216 pundo
621 4101 839 4186 constituta
859 4101 986 4186 intelli
1166 4127 1250 4186 non
1271 4125 1407 4184 tamen
1430 4101 1538 4185 defi·
1620 4093 1629 4103 ⁸

159 4226 242 4309 niti
268 4218 389 4334 ipsius
403 4223 612 4330 grauitatis
625 4245 844 4304 momenta.
888 4213 1003 4336 Qttir
1185 4219 1286 4302 duxi
1306 4217 1357 4298 ud
1376 4219 1545 4331 experi-.

159 4365 301 4424 menta
313 4333 448 4449 potios
468 4335 714 4446 confugere,
733 4361 778 4420 ut
796 4335 896 4419 hinc
912 4335 983 4422 lux
999 4331 1135 4448 aliqua
1160 4331 1405 4418 suboriretur
1419 4393 1445 4433 ,‚
1459 4349 1545 4449 quai

158 4455 369 4572 gravitatis
389 4449 550 4563 quaesrt'a
567 4447 1098 4537 murnentainnotescetent.
1475 4464 1478 4473 ·

218 4563 403 4655 Primum
427 4569 553 4680 igitur
570 4560 790 4684 assumptus
807 4564 867 4652 est
881 4566 1041 4678 signent
1063 4561 1294 4682 cylindrus,
1317 4565 1434 4680 cujus
1456 4563 1543 4656 dia·

157 4715 288 4802 metet
304 4683 386 4770 ΟΕ
405 4711 497 4768 unc.
520 4715 552 4770 1.
569 4675 645 4772 06⁰
657 4685 773 4801 pedis
791 4687 974 4772 ttonani
994 4681 1153 4790 'antiqui
1170 4681 1414 4882 ‚Hdthuddito
1437 4685 1477 4801 in
1500 4685 1540 4764 A
1706 4725 1709 4736 .
1764 4697 1770 4704 '
