3834 5272
391 225 486 360 308
867 211 1293 327 Machanic'ornm
1350 211 1354 224 ’

335 436 343 476 ;
378 379 495 498 potui
524 381 566 461 in
592 375 773 460 animum
793 377 1010 476 inducere,
1029 381 1195 462 mmihi
1216 371 1495 500 persuaderem
1516 377 1631 504 fuisse
1648 393 1754 470 anri.

377 501 470 614 quis
484 499 528 577 in
546 491 616 576 usu
631 528 643 586 3
661 492 755 578 eiam
770 499 881 578 enirn
900 525 983 576 non
996 490 1154 607 pollent
1171 489 1332 575 strmnris
1345 495 1483 604 drgiris
1505 491 1687 612 suspendi
1705 503 1755 589 ob

378 617 546 697 nimiam
564 615 707 692 mercis
723 617 989 718 gravitatem,
1015 635 1111 726 puta
1132 607 1200 692 lib.
1207 622 1257 712 36
1278 613 1346 704 (dc
1367 605 1499 695 multd
1513 611 1711 724 plurium,
1729 620 1754 702 st

377 740 429 814 e'x
450 733 478 814 F
499 727 640 809 statera
659 725 878 838 penderet)
910 756 1034 821 manu
1048 721 1212 810 fuissent
1233 723 1367 808 validb
1382 729 1768 844 apprehendendos¹

379 848 618 960 quisautem
635 870 718 922 non
743 843 879 936 videt,
909 841 1056 955 quibus
1072 841 1174 926 dolis
1198 839 1376 923 obnoxia
1396 834 1532 924 suisset
1552 842 1693 930 statera
1709 880 1755 934 ex

377 941 566 1044 levissimi
584 955 726 1038 mantis
750 955 1012 1042 inclinatione
1037 953 1549 1072 aequilibriumnrentiente
1568 984 1583 1041 a
1605 965 1753 1078 Neque

328 1087 332 1094 '
375 1073 574 1193 plicatiles
586 1065 701 1156 fuilse
714 1069 947 1184 bujulinodi
960 1077 1150 1178 trutinas,
1166 1071 1356 1180 videlicet
1370 1071 1573 1155 funiculos
1591 1074 1753 1163 forami-

377 1189 498 1276 nibus
514 1188 650 1272 insrtos
663 1192 704 1268 in
717 1185 962 1271 divisionum
978 1188 1100 1288 locis,
1120 1185 1328 1294 existim0‚
1351 1192 1447 1300 quia
1465 1187 1529 1270 vel
1545 1194 1662 1316 nimis
1677 1193 1754 1278 sre-

377 1305 549 1421 quentes
563 1299 641 1388 elle
656 1297 906 1402 debuillent,
928 1308 1017 1402 vel,
1041 1305 1113 1388 nist
1132 1304 1437 1420 aequipondium
1460 1298 1595 1387 finffet
1611 1306 1753 1393 levillr-

376 1451 514 1520 mum,
531 1451 614 1504 non
628 1413 871 1532 potuissent,
890 1419 990 1504 eitrzl
1007 1420 1229 1506 venditoris
1240 1432 1339 1516 ,aut
1351 1437 1583 1546 emptorum
1595 1427 1752 1550 incom-

377 1539 545 1626 modum
567 1565 650 1632 non
664 1533 774 1632 leve,
789 1536 982 1620 exhibere
996 1538 1205 1651 quaesrtum
1220 1535 1395 1646 pondus.
1431 1539 1595 1658 Silerum
1610 1545 1681 1634 lut
1693 1569 1754 1624 m·

376 1653 508 1738 srstam
526 1639 801 1739 ratiocinantis
815 1649 1197 1763 Blancanivestigiis
1210 1655 1222 1744 l
1237 1657 1293 1733 in
1318 1651 1363 1731 D
1382 1651 1632 1735 exhrbentur
1644 1655 1753 1742 libra:

381 1780 433 1876 36
456 1771 636 1864 mercis,
664 1771 708 1848 iu
728 1767 767 1850 G
785 1767 1077 1853 exhiberentur
1097 1769 1207 1852 librae
1232 1779 1308 1863 60,
1331 1771 1426 1884 qnia
1444 1795 1498 1850 ut
1526 1769 1619 1852 AG
1647 1808 1672 1884 *2
1704 1775 1752 1858 ad

378 1887 461 1969 GB
488 1917 536 1969 10
550 1875 568 1980 ‚'
581 1876 637 1965 ita
652 1885 958 1996 tequipondium
978 1915 1022 1966 12
1042 1885 1093 1968 ad
1106 1911 1287 1966 mercem
1299 1895 1351 1967 60
1368 1881 1616 1995 :qualigitur
1631 1893 1754 1978 ratio·

376 1997 430 2086 ne
443 1993 693 2083 innotescere
706 2027 862 2112 poterat
876 1999 1034 2114 pondus
1048 2005 1216 2096 mertis,
1237 1998 1264 2080 sr
1281 1998 1753 2112 deprehendebaturelle

271 2139 277 2145 ’
377 2117 505 2224 majus
517 2113 684 2230 quidem
696 2113 806 2199 libris
821 2126 873 2222 36
887 2169 898 2212 ,
922 2114 989 2200 scd
1005 2120 1137 2198 minus
1151 2113 1262 2200 libris
1277 2126 1330 2199 60
1346 2115 1422 2196 aba
1438 2113 1465 2196 st
1485 2115 1754 2239 aequilibrium

329 2277 335 2290 .
377 2227 512 2318 fuisset
538 2237 644 2316 inter
665 2235 696 2317 F
715 2240 755 2314 δι
774 2231 838 2328 G,
855 2233 1013 2344 pondus
1031 2225 1165 2314 fuisset
1180 2235 1308 2342 majus
1325 2227 1435 2312 libris
1451 2235 1531 2329 60,
1549 2259 1687 2318 mmus
1702 2234 1751 2318 li-

378 2349 460 2433 bris
482 2379 556 2453 132
576 2383 585 2428 ε
604 2341 728 2456 quim
742 2341 824 2429 late
838 2344 963 2457 igitur
974 2343 1160 2460 patuisset
1180 2375 1343 2458 campus
1360 2344 1562 2433 erroribus
1580 2347 1753 2436 intanta

375 2457 607 2584 ponderum
626 2453 884 2548 differentia.»
974 2499 977 2506 ’
1605 2506 1609 2512 ·

432 2585 575 2694 Qare
590 2575 618 2658 fi
633 2576 712 2660 hoc
732 2575 883 2662 staterae
900 2608 1049 2692 genere
1069 2582 1265 2666 utendum
1284 2573 1403 2675 esset,
1420 2583 1462 2663 in
1483 2574 1562 2694 qui
1580 2611 1750 2668 manen-

375 2725 418 2783 te
434 2691 693 2810 aequipondio
715 2688 888 2804 spartum
904 2690 1156 2810 percurreret
1185 2699 1272 2808 jugi
1289 2693 1617 2820 longitudinem,
1634 2697 1750 2784 -inse-

377 2812 502 2898 renda
513 2813 647 2924 potius
658 2801 754 2888 elles
766 2807 878 2912 hasta
891 2811 1043 2896 annulo
1060 2809 1185 2895 solid‘e
1203 2815 1372 2908 firmato,
1386 2808 1491 2916 tnui
1503 2843 1626 2926 quem
1639 2815 1751 2900 balla

376 2926 459 3043 ipsa
486 2917 594 3007 trltrb
624 2918 811 3035 citroque
841 2954 1173 3044 promoveretur,
1204 2925 1572 3010 donechaberetur
1593 2932 1762 3042 arquili-'
1883 3021 1884 3048 Ν

377 3043 510 3128 brium
539 3071 550 3130 3
580 3035 629 3120 ed
649 3040 758 3119 enirn
781 3046 992 3124 rationein
1010 3043 1246 3126 minutiores
1265 3041 1479 3149 particulas
1498 3038 1624 3156 pollet
1638 3047 1751 3130 hasta

374 3151 572 3267 distingui
595 3187 607 3246 5
639 3161 681 3238 ὃ(
709 3152 882 3264 plurima
900 3153 1026 3242 essent
1044 3157 1170 3272 sparta
1185 3157 1282 3258 ‚seu
1308 3183 1449 3290 eentra
1473 3157 1619 3242 morsis.
1666 3168 1750 3248 Aut

375 3287 379 3298 '
716 3313 721 3322 ·
1262 3299 1385 3364 ettam
1431 3301 1578 3386 jugum
1621 3307 1750 3392 param

1261 3383 1387 3498 posset
1414 3390 1601 3473 cralsroris
1633 3391 1750 3478 lami-

1260 3529 1321 3582 nae
1336 3506 1376 3582 in
1395 3499 1591 3616 speciem,
1614 3509 1747 3621 cujus-

1259 3617 1370 3700 modi
1400 3613 1497 3702 ell'et
1527 3621 1659 3722 M0,·
1680 3655 1752 3738 per

1004 3742 1007 3745 ’
1121 3748 1134 3813 ἢ
1260 3735 1376 3844 cujus
1446 3733 1749 3848 longitudinem

1091 3884 1093 3887 ·
1165 3895 1168 3900 ·
1257 3841 1750 3939 dusirlincilurtl'seucre-

1149 3998 1186 4068 ,a
1260 3960 1611 4056 ndSIexeurrere
1621 3967 1751 4086 pollet

1258 4081 1344 4162 axis
1376 4083 1576 4196 exquifitb
1613 4086 1747 4199 cylin-

1252 4193 1393 4280 dricus
1445 4199 1595 4286 infixus
1646 4201 1749 4290 ansae

372 4311 416 4394 D
427 4309 587 4420 E'cujus
598 4302 698 4392 ansae
718 4309 949 4390 extremitas
966 4305 1012 4392 in
1026 4309 1185 4422 apicem
1202 4309 1233 4392 E
1250 4309 1646 4422 definensindiearet
1657 4349 1747 4434 par..

372 4421 518 4510 ticulas
530 4428 574 4505 in
588 4419 755 4506 linodM
768 4425 808 4506 O
823 4448 989 4508 notatas.
1010 4422 1166 4510 Veniam
1181 4424 1277 4538 quia
1294 4425 1482 4515 adverslts
1495 4430 1747 4520 hascestate-

371 4569 434 4624 ras
460 4535 839 4652 faciuntpleraeque
863 4535 1037 4624 rationes
1062 4568 1160 4644 mox
1177 4538 1320 4626 contrd
1343 4541 1536 4640 Blancani
1560 4547 1748 4638 stateram

371 4649 614 4756 afferenda,
631 4650 845 4769 proptorei
858 4653 943 4746 illas
954 4683 1000 4745 ut
1012 4653 1157 4776 pariam
1168 4685 1280 4776 aptas
1292 4662 1444 4776 rejicio.

1695 4783 1751 4866 Et
