3818 5264
494 188 915 398 Libersecuridm.
955 253 1170 364 CAPuT
1203 255 1241 359 l.
1338 185 1343 198 ¹
1453 294 1559 398 129

182 418 226 500 ris
240 409 463 532 subjeslam
482 409 693 528 planitiem
707 415 839 524 tangit
849 445 860 506 3
877 415 1002 496 autin
1015 409 1238 528 plaustrum
1254 411 1473 532 injicimus,
1484 449 1560 502 cu-

178 536 234 647 jus
250 561 349 615 rotae
376 525 504 613 solum
519 529 719 614 calcantes
740 531 846 614 dum
870 556 1166 614 convertuntur
1188 590 1200 627 ,
1225 557 1343 612 axem
1371 558 1556 618 tantum·
1589 617 1593 624 ,

184 650 296 734 modo
308 675 471 744 terunt,
488 647 732 760 compendio
753 643 847 730 sane
858 644 1032 730 mirabili
1041 681 1055 739 ,-
1071 674 1164 728 nam
1177 645 1277 728 dum
1290 673 1385 728 rotae
1399 650 1558 734 modio·

182 764 365 850 lusaxem
378 759 498 847 semel
512 763 1098 876 t'erit,pedescireiterviginti
1109 759 1350 876 provehitur
1363 783 1559 864 onus,aut

181 883 341 966 demum
363 877 519 965 sublato
539 883 755 994 corpori'rm
772 906 917 979 mutuo
936 881 1032 962 tritu
1050 875 1282 988 cylindros,
1308 877 1371 962 vel
1392 877 1559 994 scytalas

165 996 232 1081 illi
242 993 504 1112 subjicimus,
522 1023 567 1078 ut
580 994 685 1078 nihil
701 1023 848 1079 noceat
860 991 930 1112 soli
944 991 1235 1110 asperitas,nist
1248 1023 1448 1108 quatenus
1465 999 1554 1084 haec

183 1110 452 1226 cylindrorum
472 1109 534 1195 vel
552 1107 789 1223 scytalarum
806 1111 1112 1196 conversionem
1127 1137 1360 1194 remoratur.
1611 1219 1614 1226 ‚

230 1229 331 1314 Huc
350 1227 498 1344 spedat
510 1228 552 1313 id
566 1291 576 1327 ,
592 1229 705 1344 quod
724 1259 809 1312 non
826 1229 908 1312 fine
925 1226 1133 1344 voluptate
1147 1223 1355 1312 observare
1374 1225 1558 1343 aliquan-

182 1345 229 1430 do
249 1349 426 1456 contigit
439 1349 648 1428 Bononia.
696 1346 801 1429 Tres
820 1371 936 1447 erant
951 1347 1026 1430 viri
1044 1373 1123 1428 nec
1149 1343 1369 1428 admodum
1390 1345 1557 1446 robusti,

182 1467 243 1576 qui
266 1490 313 1544 ut
329 1461 486 1576 aliquot
504 1464 697 1572 ingentes
712 1456 846 1544 saccos
862 1457 992 1556 farind
1007 1458 1148 1576 plenos
1170 1465 1214 1544 in
1238 1461 1406 1546 domum
1422 1458 1554 1546 infer-

187 1607 260 1660 rent
274 1640 286 1676 ,
298 1606 488 1692 paratum
507 1576 870 1662 habueru'ntaxem
890 1577 995 1662 binis
1013 1575 1153 1660 rotulis
1163 1578 1327 1660 circiter
1338 1573 1555 1694 sesquipal-
1623 1613 1626 1624 ·

183 1693 349 1780 maribus
367 1692 628 1802 instrudlumr
650 1699 716 1778 axi
727 1692 982 1808 jungebatur
995 1689 1266 1776 craffiusculus
1285 1722 1394 1778 temo
1416 1692 1553 1784 sacco-

183 1837 259 1892 rum
271 1809 577 1922 longitudinem
588 1813 657 1895 vix
669 1807 870 1924 superans.
893 1811 1037 1894 Eredo
1058 1805 1171 1893 sacco
1188 1807 1465 1894 machinulam
1479 1841 1553 1928 ap-

184 1923 665 2038 plicabant,ti1msaccum
685 1929 834 2040 pariter
851 1957 947 2012 cum
961 1954 1126 2010 temone
1147 1923 1423 2024 reclinabant,
1442 1937 1483 2012 &
1502 1957 1555 2010 ne

184 2046 326 2124 temoni
348 2040 592 2127 incumbens
613 2039 733 2156 juxti
757 2039 1059 2154 longitudinem
1088 2037 1223 2126 saccus
1252 2047 1295 2125 in
1320 2041 1556 2150 alterutram

181 2185 325 2272 partem
349 2158 635 2256 inclinaretur,
650 2158 735 2244 duo
760 2159 861 2242 hinc
879 2166 922 2244 ὅ(
947 2159 1047 2246 hinc
1066 2156 1296 2242 retinebant
1315 2165 1488 2272 pariter,
1507 2159 1555 2242 ac

184 2271 473 2389 propellebant,
492 2301 536 2357 ut
555 2279 894 2390 tertium'arrepto
914 2301 1077 2358 temone
1096 2275 1327 2358 trahentem
1339 2272 1476 2360 labore
1491 2275 1553 2358 l'e-

185 2416 313 2471 varent
328 2427 338 2471 :
353 2387 450 2474 Hac
475 2395 630 2474 ratione
655 2389 780 2477 alium
798 2417 924 2504 atque
939 2388 1063 2474 alium
1079 2387 1239 2473 saccum
1255 2389 1479 2474 tenuillimo
1497 2389 1557 2474 la-

183 2499 267 2588 bore
278 2509 325 2588 in
338 2506 508 2591 domurn
521 2507 790 2620 importarunt
800 2541 812 2600 3
828 2509 1050 2623 credoque
1069 2510 1218 2590 iterum
1236 2533 1400 2590 temone
1413 2505 1554 2624 delap-

183 2615 304 2706 susest
316 2652 369 2708 ex
388 2619 625 2708 machinulri
640 2619 800 2722 saccuS,
822 2617 1014 2738 stetitque
1026 2623 1193 2708 etesius.
1329 2723 1335 2730 g

231 2739 288 2822 Ex
308 2739 372 2822 his
390 2747 529 2855 itaque
546 2737 702 2825 constat
719 2743 764 2824 in
777 2739 973 2824 machind
990 2735 1226 2824 instruendi
1240 2745 1324 2822 rion
1345 2735 1473 2826 solinu
1491 2741 1555 2824 in·
1623 2755 1629 2764 '

184 2858 319 2964 genitae
337 2859 497 2969 corpori
527 2857 732 2940 movendo
753 2859 964 2970 gravitatis
983 2858 1181 2942 rationem
1201 2855 1432 2942 habendam
1451 2851 1571 2952 esser·

186 2965 242 3053 sul
257 2979 298 3056 δι
314 2969 456 3088 plani,
477 2967 694 3086 supersquo
714 2971 817 3057 illud
836 2971 1126 3056 deducendum
1139 2969 1197 3055 est
1214 3031 1225 3072 ,
1237 2975 1455 3086 jacens-ne
1475 2971 1551 3060 fit?

184 3111 230 3166 an
244 3091 422 3171 ereetum
443 3112 457 3170 r
484 3085 610 3186 laeve,
641 3117 693 3171 an
718 3083 928 3208 asperum?
947 3085 1110 3202 ampli,
1133 3117 1191 3186 ,an
1208 3093 1324 3172 tenui
1343 3085 1554 3202 superficie

185 3206 385 3318 contingat
409 3229 421 3287 r
441 3203 541 3288 hinc
570 3203 598 3287 sr
622 3203 790 3322 quidem
815 3207 925 3288 varia
948 3203 1179 3294 resistentia
1202 3231 1409 3288 momenta
1431 3236 1555 3314 exur7

64 3317 66 3322 ’
184 3341 288 3427 gunt.
317 3318 423 3404 Illud
436 3335 571 3404 tamen
586 3317 827 3436 plerumque
840 3323 1066 3434 contingit,
1089 3321 1246 3438 quodsi
1260 3321 1483 3406 attollendo
1501 3322 1555 3408 ad

64 3513 66 3520 ,
187 3433 511 3548 perpendiculum
522 3439 639 3520 oneri
686 3467 729 3522 ar
751 3435 876 3524 fuerit
900 3442 1113 3534 machina,
1132 3435 1200 3520 illa
1221 3441 1371 3552 pariter
1384 3435 1554 3520 sufficiat

185 3549 343 3632 adunus
365 3553 475 3636 idem
496 3550 612 3667 super
629 3467 1006 3666 psanohorizontali
1020 3616 1030 3652 ,
1045 3583 1117 3638 aut
1130 3551 1327 3636 inclinato
1340 3553 1552 3638 deducen-

184 3667 273 3750 dum
294 3703 303 3747 ε
323 3669 393 3751 vix
412 3673 522 3752 enirn
548 3669 634 3752 fieri
661 3667 793 3784 potest
814 3665 913 3766 (nili
941 3665 1095 3754 summa
1122 3671 1169 3752 srt
1188 3665 1492 3784 superficierum
1513 3667 1552 3752 se

184 3786 502 3896 contingentium
520 3783 731 3902 asperitas)
761 3811 807 3866 ut
834 3813 1033 3900 quantum
1060 3785 1289 3872 resistentia
1322 3785 1501 3869 demitur
1528 3779 1553 3866 d
1582 3883 1587 3890 .

186 3895 294 4011 plano
307 3897 538 4002 sustinente,
554 3901 811 3990 tantumdem
823 3901 995 3992 addatur
1008 3935 1060 3990 ex
1070 3932 1215 3990 mutuo
1231 3903 1552 4018 prominentium

184 4015 458 4126 particularum
478 4017 684 4102 conflidu.
1015 4033 1024 4046 ’“
1269 4109 1271 4117 ,

234 4133 490 4249 Quamquam
510 4145 551 4220 &
572 4131 653 4250 ipsa
674 4133 860 4252 asperitas
883 4133 982 4222 facit
998 4133 1163 4250 aliquod
1186 4132 1333 4220 laboris
1356 4161 1549 4250 compen·

183 4243 286 4328 dium
303 4249 527 4334 :namlicet
542 4255 757 4338 continens
769 4283 817 4337 ac
829 4279 1051 4370 perpetuus
1065 4281 1148 4334 non
1165 4253 1355 4335 fitmotus
1367 4311 1379 4348 ,
1392 4246 1462 4334 sed
1485 4249 1548 4334 al-

184 4361 289 4445 terni
308 4371 443 4480 quiete
460 4371 708 4484 interruptus
724 4367 841 4486 super
858 4373 984 4456 arduo
998 4365 1128 4468 clivo,
1148 4367 1312 4452 modico
1325 4393 1461 4450 tamen
1480 4397 1550 4449 eo-

64 4493 65 4500 '
188 4505 275 4560 natu
294 4481 530 4592 prohibetur
543 4485 668 4569 moles
688 4549 700 4587 ,
723 4517 775 4570 ne
793 4485 972 4604 prolapsa
989 4485 1204 4600 srfiphcum
1219 4509 1329 4566 creet
1345 4480 1546 4574 laborems

183 4597 270 4706 q'uia
283 4593 410 4710 aspera
423 4584 650 4714 stiperfieies
667 4609 802 4690 motui
820 4603 1013 4690 obsistens
1026 4601 1091 4684 effi
1097 4604 1152 4683 cit
1164 4630 1215 4684 ne
1228 4603 1406 4714 corporis
1418 4602 1549 4711 gravi·

183 4735 236 4794 tas
248 4710 425 4798 deorsum
444 4745 615 4801 conetur
633 4747 709 4834 pro
726 4722 839 4838 plani
856 4721 1132 4807 inclinatione.
1163 4720 1264 4802 Satis
1282 4719 1409 4842 igitur
1425 4715 1549 4802 suerit
1627 4709 1632 4720 '

1214 4833 1255 4916 R
