3808 5262
454 207 845 348 'Zibertertim'
887 225 1101 342 Carus
1130 225 1235 336 ΙΙΙ.
1440 263 1605 367 253.
1722 335 1730 349 ,

158 374 380 506 proptered
395 377 495 468 lauic
510 381 884 472 occurrendumest
899 385 1095 483 artificio,
1116 413 1200 501 quo
1219 381 1542 472 sinrmetundcm

158 495 366 620 perpetud
385 495 527 586 servet.
556 501 663 586 Rem
681 500 869 618 exemplo
878 501 1055 590 declaro.
1080 507 1127 586 ln
1140 499 1291 616 pyxide
1303 494 1463 584 nautici
1482 504 1543 586 in·
1654 555 1659 566 ·

157 617 263 704 sistit
281 612 438 730 cuspidi
457 645 554 700 acus
577 621 810 730 magnetica
827 617 1049 735 equalibus
1064 619 1281 700 momentis
1301 613 1476 720 librata,
1497 643 1549 700 un

157 733 372 822 horizonti
396 727 586 847 parallela
602 736 759 848 jaceat,
776 761 1078 850 quamcumque
1099 738 1146 815 in
1163 758 1318 845 partem
1331 731 1544 842 dirigaturt

155 855 206 936 -Si
217 848 342 932 alicui
359 851 474 932 navis
481 846 604 961 plano
618 851 735 962 pyxis
747 846 829 964 ipsa
839 850 1063 936 adhereret
1079 852 1150 946 ita,
1163 875 1209 930 ut
1227 845 1369 930 infimi
1380 843 1436 928 sui
1455 875 1546 961 par-

157 993 205 1050 te
220 961 281 1076 illi
305 989 573 1076 congrueret,
588 993 890 1081 quamcumque
911 969 956 1049 in
966 965 1250 1082 partcm'lravis
1268 958 1546 1060 inclinaretur,

159 1076 295 1196 ipsum
303 1083 452 1194 pariter
458 1080 619 1194 pyxidis
635 1079 813 1166 fundum
828 1080 1012 1167 inclinari
1027 1075 1288 1164 manifestum
1303 1074 1376 1175 est,
1395 1070 1547 1167 &alte-

159 1203 197 1279 ri
223 1190 323 1280 acin
346 1199 586 1310 magnetica:
608 1195 852 1312 positionem
879 1197 1089 1284 horizonti
1111 1191 1336 1308 parallelatn
1354 1191 1545 1278 servantis

158 1313 415 1398 extremitati
432 1339 649 1394 occurrens
663 1309 769 1396 illius
777 1339 938 1406 motum
949 1314 1176 1426 impediret,
1189 1335 1261 1392 aut
1271 1303 1407 1392 saltem
1422 1335 1548 1392 retar-

159 1427 295 1512 daret.
330 1433 382 1515 Ut
402 1430 528 1539 igitur
545 1423 700 1540 semper
712 1431 828 1541 pyxis
844 1425 931 1512 tirm
945 1431 1039 1511 acui
1052 1427 1316 1537 magnetica,
1332 1421 1419 1510 tiam
1434 1423 1547 1510 hori-

161 1546 282 1628 zonti
295 1539 483 1657 parallela
502 1541 711 1640 confluat,
736 1531 1014 1658 suspendenda
1029 1540 1134 1638 fuit,
1151 1568 1234 1624 non
1249 1537 1416 1654 quidem
1429 1537 1544 1624 funi-

159 1657 291 1756 culo,
320 1687 373 1744 ne
390 1662 555 1742 incertis
568 1657 747 1742 motibus
758 1661 997 1770 instaretur,
1017 1654 1085 1742 sed
1109 1655 1270 1740 duobus
1292 1652 1413 1765 polis,
1433 1649 1551 1766 super

159 1772 316 1888 quibus
329 1771 559 1888 opportune
575 1769 798 1858 versstetur
809 1771 1015 1888 aequalittr
1032 1770 1188 1856 librata„
1219 1767 1550 1856 Veritmduobus

160 1885 279 1976 hisce
303 1889 406 2003 polis
431 1919 517 1972 non
545 1887 701 1974 tollitur
727 1917 850 1972 omne
878 1887 1217 1979 incommedum
1241 1885 1267 1966 st
1291 1885 1443 1968 etenim
1463 1882 1547 1998 poli

20 2013 30 2027 ⁴
162 2000 382 2118 respiciant
398 2001 675 2101 nauislatera,
699 2001 856 2088 elevati
870 2029 943 2086 aut
966 1997 1152 2116 depressi
1171 1998 1465 2114 proraljuvant‚
1482 1995 1551 2083 sed
1619 2025 1624 2056 t

160 2124 262 2206 navi
275 2123 318 2204 in
329 2121 599 2205 dextrumaut
613 2121 659 2202 in
672 2115 989 2204 finistrumlatus
1002 2115 1211 2214 inclinati,
1228 2114 1328 2198 alter
1344 2112 1549 2224 deprime-

159 2264 304 2334 retur,
323 2235 422 2320 alter
438 2233 690 2332 elevaretur,
706 2233 781 2316 nili
808 2243 851 2320 δι
875 2233 948 2344 ipsr
971 2233 1242 2343 infigerentur
1259 2228 1416 2312 circulo
1433 2225 1551 2340 supet

162 2351 268 2436 alios
282 2350 396 2466 polos
415 2361 630 2464 proram&
650 2353 820 2464 puppim
841 2345 1099 2466 respicientes
1120 2341 1307 2438 versatili.
1356 2347 1414 2426 Sit
1434 2345 1552 2459 pyxis

162 2464 250 2582 ipsa
275 2469 485 2568 ABCD,
508 2469 553 2548 in
577 2469 784 2580 querenti
801 2459 892 2550 des-

161 2585 284 2699 cripti
305 2583 382 2667 lint
398 2643 409 2681 ,
428 2593 471 2670 dt
499 2581 546 2665 in
566 2609 708 2670 centro
729 2585 771 2668 O
797 2611 897 2666 aeut

162 2703 398 2811 magnetica
419 2697 606 2796 volubilis
628 2696 780 2782 insrstat
793 2735 802 2778 ι
816 2725 897 2812 py-

162 2818 306 2903 xidem
344 2813 521 2902 citerius
557 2815 734 2900 ElFH
779 2842 894 2896 com-

164 2934 390 3051 metiatur,
410 2933 477 3014 cui
494 2927 576 3044 poli
601 2933 647 3018 D
665 2935 752 3016 &B
772 2925 896 3012 facile

164 3045 369 3137 versatiles
382 3046 688 3155 infigantur,ut
702 3041 896 3130 inclinati

165 3171 265 3250 navi
278 3167 322 3246 in
340 3162 510 3247 Avelin
523 3161 896 3276 prxishotizon·
1243 3167 1264 3209 ³

164 3286 196 3368 ti
208 3276 898 3396 parallelamaneatt&utcttmdem

164 3389 476 3513 parallelismum
487 3389 627 3492 servet,
645 3391 809 3479 etiamst
827 3419 899 3476 na·

169 3518 229 3596 vis
250 3515 294 3593 in
310 3516 341 3594 B
360 3535 430 3592 aut
446 3511 489 3591 D
508 3506 751 3607 inclinetur,
766 3511 899 3591 circu·

166 3627 234 3714 lus
247 3623 317 3711 ille
332 3627 365 3708 E
379 3629 435 3712 lF
446 3626 494 3708 H
511 3625 614 3709 duos
626 3628 776 3738 pariter
786 3621 900 3738 polos

166 3740 293 3832 facilc
310 3736 510 3825 versatiles
527 3738 674 3826 habeat
696 3744 741 3822 in
757 3741 790 3822 E
811 3749 854 3824 dt
870 3741 915 3824 Ρ

167 3853 901 3971 externatpyxidiimmobiliinsirtos:
1542 3933 1545 3939 ,

168 3975 252 4060 hac
270 3975 383 4057 enim
405 3974 561 4054 ratione
591 3971 692 4069 fiet,
715 3997 761 4053 ut
785 3974 828 4054 in
859 3995 1119 4084 quatumque
1144 3972 1258 4054 navis
1289 3965 1556 4054 inclinatione

168 4095 289 4206 pyxis
305 4089 468 4186 nautica
482 4082 507 4170 a
522 4082 593 4170 suo
607 4083 924 4201 parallelisnro&
937 4085 1163 4200 aequilibrio
1177 4115 1261 4168 non
1276 4085 1452 4171 recedat.

218 4206 331 4298 ,Hoc
363 4201 509 4287 eodem
534 4203 708 4290 artificio
733 4200 981 4286 construitur
999 4201 1166 4302 lucerna
1190 4200 1321 4285 ferreo
1350 4227 1421 4281 aut
1439 4226 1556 4282 aeneo

169 4319 299 4435 globo
329 4313 480 4402 inclusa
507 4314 794 4436 multipliciter·
806 4317 1010 4430 perforato
1021 4377 1039 4417 ,·
1058 4345 1105 4401 ut
1126 4315 1241 4400 fumo
1254 4317 1386 4398 exitus
1403 4339 1551 4428 pateat³

169 4431 385 4553 qnaeeittd
397 4427 636 4516 effufionem
652 4433 731 4536 olei
748 4437 793 4516 in
805 4430 887 4518 solo
899 4461 1027 4518 rotata
1038 4461 1121 4516 non
1136 4433 1392 4540 extinguitur
1403 4465 1414 4523 3
1426 4427 1484 4511 cst
1507 4484 1527 4511 ,ι

171 4551 345 4754 quidem
365 4542 572 4634 vasculum
591 4548 855 4662 plumbeum,
877 4575 924 4632 ut
938 4545 1005 4632 sua
1021 4549 1218 4659 gravitate
1236 4543 1410 4630 securilrs
1425 4545 1492 4628 det
1511 4587 1515 4602 2

191 4695 264 4756 um
281 4688 448 4776 vergat,
464 4659 567 4776 polis
583 4659 831 4757 rersstilibus
847 4661 1076 4780 suspensum
1090 4659 1310 4796 insimulo,
1326 4665 1395 4780 qui
1406 4667 1553 4776 patin:

1131 4780 1182 4866 It
1220 4793 1264 4888 3'.
