3818 5264
215 287 220 299 ·
325 349 333 362 ,
377 230 474 363 158
712 219 717 234 '
843 203 1264 326 Machanicomm

374 380 473 466 clun
488 375 714 459 inanimum
722 369 782 472 lit,
798 379 975 487 nequeat
984 375 1197 487 impeturn,
1209 366 1556 486 quemadmodum
1566 376 1755 460 annuant

264 530 271 540 ·
291 589 299 604 ,
373 521 523 594 tes,cx
541 489 707 576 arbitrio
720 517 964 604 temperare,
978 499 1020 575 dc
1034 499 1131 604 quta
1149 486 1319 576 solidum
1336 487 1394 572 est
1404 517 1451 572 ac
1462 491 1634 590 durum,
1653 490 1744 574 nul-

373 611 458 697 lam
475 609 559 723 pati
577 596 989 722 comprellioncmaut
999 604 1287 691 distentionem
1303 608 1479 718 partium
1494 607 1629 722 poffit,
1650 607 1746 692 licut

377 739 598 840 &corpus
631 721 794 810 obstans
821 751 892 809 aut
919 725 1097 806 retinens
1127 722 1457 836 comprcffionetn
1486 751 1654 808 omnem
1678 751 1757 808 tut·

375 841 665 930 distentionem
684 836 854 956 respuit5
873 865 973 922 tunc
996 837 1155 922 nullum
1171 841 1352 953 concipit
1369 865 1440 922 aut
1460 842 1654 954 imprimit
1669 843 1746 924 im-

377 987 519 1076 petum
535 985 677 1072 preter
697 961 877 1039 innatam
890 957 1223 1066 'gravitatiooerm
1242 981 1314 1036 aut
1330 952 1632 1053 levitationcm,
1654 953 1748 1043 clun

376 1077 544 1194 pervim
559 1077 604 1156 in
619 1072 711 1156 loco
721 1099 806 1155 non
816 1069 1208 1158 debitodotineautr,
1231 1069 1385 1155 Exhoc
1400 1073 1749 1186 conjesturamca·

378 1219 474 1306 pere
495 1191 593 1274 licet
606 1191 661 1274 de
678 1219 752 1286 eo,
765 1187 877 1302 quod
894 1190 1118 1300 contingit,
1132 1187 1298 1302 qtrando
1313 1190 1463 1272 virtute
1475 1189 1667 1274 morendi
1685 1215 1747 1272 re·

378 1307 597 1392 fistentiam
609 1311 801 1390 vincente
826 1304 1168 1418 impedimentum
1186 1299 1445 1389 submovetur
1453 1339 1469 1416 5,
1485 1307 1670 1419 impediri
1685 1307 1747 1398 vi·

376 1421 548 1520 delicet,
562 1447 613 1506 nt
627 1421 878 1536 producatur
892 1449 1051 1517 motus,
1074 1423 1184 1504 ‘uxta
1198 1419 1427 1505 refistentiae‘
1442 1423 1609 1509 modum
1624 1447 1748 1534 atque

377 1535 604 1625 mensnram
615 1572 626 1631 3
646 1565 738 1652 quar
752 1535 868 1618 ficuti
886 1563 1012 1650 nonq
1042 1531 1063 1566 l
1079 1534 1165 1622 ibet
1179 1532 1348 1623 minima
1363 1541 1404 1622 vi
1420 1534 1593 1654 superari
1604 1534 1750 1649 potest,
1893 1619 1894 1642 ἶ

377 1660 439 1748 ita
451 1657 593 1770 majori
610 1653 731 1737 cedit.
1805 1673 1807 1678 ’
1893 1649 1894 1678 ¹

435 1769 593 1859 Vcnlm
609 1793 789 1882 quonam
800 1765 842 1852 id
862 1768 979 1880 pasto
992 1770 1228 1879 contingat,
1249 1790 1296 1848 ut
1316 1761 1519 1880 explicate
1540 1795 1748 1866 conemur,

377 1885 479 1974 illud
497 1881 682 1982 obsttva,
696 1878 811 1997 qudd
827 1882 856 1964 fi
874 1911 1019 1996 corpus
1039 1883 1152 1967 idem
1166 1881 1392 1996 quadruplo
1406 1879 1584 1986 tolociis
1594 1877 1749 1974 moveri

305 2073 307 2078 .
372 2003 538 2098 debeat,
549 2031 597 2083 ac
609 2025 841 2084 moveretur
858 1991 1273 2115 pnltsctrolimpetdr
1286 1993 1485 2097 mensuri,
1496 2003 1639 2114 utique
1652 2029 1750 2113 qua-

360 2117 526 2232 ,druplo
546 2121 738 2232 majorem
757 2117 955 2230 impetum
974 2115 1103 2224 exigit
1124 2171 1135 2209 ,
1162 2138 1208 2194 ut
1231 2139 1305 2226 pro
1330 2111 1504 2227 impetite
1524 2114 1749 2200 intensrone

263 2251 266 2260 ⁴
371 2262 449 2322 aur
462 2231 683 2317 remiffione
701 2228 881 2315 velocior
897 2256 968 2314 aut
981 2229 1133 2313 tardior
1148 2223 1336 2344 sequatur
1344 2257 1491 2314 motor.
1537 2233 1595 2316 At
1611 2229 1638 2314 fi
1657 2260 1748 2314 cor-

376 2377 454 2470 pus
465 2348 574 2434 aliud
584 2347 834 2432 movendum
849 2343 1076 2462 quadruplo
1089 2347 1250 2457 gravius
1262 2344 1518 2444 exhibeatur,
1530 2349 1574 2432 in
1585 2346 1749 2434 hucim-

377 2495 496 2582 petus
513 2463 580 2549 ille
594 2451 846 2580 quadruplex
864 2458 1203 2576 subquadruplam
1220 2457 1372 2546 officiet
1382 2462 1680 2562 intensionem,
1702 2489 1750 2548 ac

319 2605 324 2623 ‘
376 2583 723 2696 proptereaetitm
734 2605 892 2662 motum
907 2574 1079 2665 habebit
1089 2575 1326 2674 tardiorem,
1339 2576 1366 2658 st
1381 2603 1524 2664 caerera
1540 2578 1750 2693 fintparia,

377 2725 453 2814 pro
466 2692 638 2810 impetds
657 2693 900 2778 intensione-
923 2697 967 2779 Si
988 2719 1156 2791 caeteta,
1177 2693 1462 2806 inquam,s1ut
1480 2696 1591 2808 paria
1611 2727 1623 2788 5
1647 2689 1751 2810 sape

379 2814 674 2910 enima'e'r,aut
687 2839 792 2926 aqua
803 2807 895 2925 plus
905 2805 1097 2894 velociori
1110 2807 1451 2908 motuitesrstunt,
1464 2811 1589 2924 qudm
1605 2812 1751 2896 tardio-

382 2932 435 3025 ri,
454 2938 495 3014 &
519 2925 644 3010 moles
663 2930 793 3048 major
806 2923 957 3024 efficit,
971 2952 1019 3008 ut
1038 2954 1122 3008 non
1139 2919 1311 3010 otnniud
1332 2923 1749 3011 velocitasintensroni

379 3038 555 3158 imperils
566 3037 813 3156 respondeat,
844 3043 950 3126 Haec
962 3067 1098 3126 tamen
1114 3035 1752 3158 nuncmentesecernatnus,per·

378 3161 478 3244 inde
493 3181 617 3274 atque
631 3155 658 3240 st
672 3157 775 3243 nihil
787 3156 996 3242 officerent
1007 3160 1149 3241 motui.
1696 3235 1700 3246 ,

368 3315 371 3326 ·
424 3275 911 3392 Qoniamigiturmotus
928 3271 978 3356 ab
989 3269 1337 3356 omnivelocitatis
1350 3301 1421 3356 aut
1431 3273 1752 3359 tarditatismen-

380 3387 467 3476 suri
485 3387 641 3503 sejungi
669 3393 836 3504 nequit,
855 3389 966 3502 finge
992 3415 1138 3502 corpus
1152 3415 1227 3502 ptr
1244 3395 1328 3474 vim
1342 3391 1592 3474 movendum
1607 3386 1751 3504 hujus-

378 3506 494 3592 modi
507 3497 588 3588 effe
600 3565 611 3601 ,
623 3532 670 3586 ut
687 3499 857 3620 speclari
867 3503 975 3588 mole
990 3501 1059 3589 seu
1074 3499 1262 3602 maroni,
1279 3535 1326 3588 ac
1341 3501 1526 3620 specific'd
1542 3510 1752 3618 gravitate,

381 3622 434 3707 ad
447 3619 950 3738 percurrendumtspatium
964 3613 1147 3736 passuum
1165 3649 1243 3708 100
1260 3621 1502 3706 uniushorae
1516 3622 1752 3736 quadrante,

381 3739 585 3848 indigeret
597 3739 771 3850 impetu,
786 3741 901 3853 cujus
912 3738 1083 3822 intensio
1095 3729 1193 3821 effet
1208 3735 1539 3854 parricidarum
1555 3741 1600 3820 in
1611 3735 1753 3850 fingu-

381 3852 430 3938 lis
445 3847 621 3968 corpo'ris
635 3854 829 3939 movendi
848 3854 1027 3968 partibus
1046 3891 1055 3937 ε
1074 3854 1226 3940 molem
1239 3885 1398 3951 autem,
1413 3852 1590 3969 exempli
1611 3853 1754 3969 grand,

377 3969 617 4054 distinctam
630 3971 801 4082 concipe
811 3974 854 4051 in
863 3969 1077 4082 particulas
1102 4001 1181 4057 100
1202 3976 1402 4056 minimas.
1430 3966 1756 4085 Qarcspetlattl

383 4084 473 4172 tum
491 4084 724 4169 extensrone
739 4083 828 4169 tlun
843 4087 1068 4169 intensione
1087 4084 1284 4203 impctds‚
1304 4083 1462 4172 neceffe
1475 4085 1535 4170 est
1547 4084 1603 4170 illi
1620 4082 1644 4172 i
1660 4117 1753 4174 mo-

384 4229 471 4286 tore
482 4205 654 4315 imprimi
668 4198 842 4313 imperils
853 4201 1066 4316 particulas
1079 4235 1178 4309 400.
1201 4197 1371 4324 erdfi
1389 4206 1567 4317 corporis
1584 4207 1756 4318 pervim

255 4387 262 4404 .
380 4319 575 4404 movendi
592 4315 777 4402 molesto
798 4312 1076 4402 materiaellet
1090 4318 1341 4434 quadruplex
1359 4319 1553 4414 alterius,
1574 4321 1603 4404 fi
1629 4324 1754 4406 nimi·-

381 4460 472 4517 tum
493 4438 646 4519 ratione
667 4437 843 4519 materia
859 4435 1103 4519 extensionis
1120 4433 1334 4550 particular
1353 4435 1524 4524 habtoet
1546 4465 1652 4541 φο,
1668 4439 1753 4552 jam

379 4553 556 4664 impetus
566 4549 676 4634 idem
686 4548 1022 4666 subquadruplam
1035 4549 1493 4639 efficeretintenstonem
1505 4615 1517 4653 ,
1529 4563 1573 4638 δι
1589 4551 1754 4668 ungula·

372 4662 554 4786 imperils
571 4667 778 4786 particule
797 4667 961 4784 singulis
985 4671 1162 4786 corporis
1178 4667 1384 4790 particulis
1405 4668 1578 4780 ineffett
1595 4695 1754 4812 ,atqup

962 4830 965 4836 ·
1574 4856 1576 4861 .
1638 4785 1749 4871 odeo
