3834 5272
25 269 35 306 q
135 197 152 272 τ’
229 141 231 146 ⁵
339 205 440 306 322
679 186 715 236 *Ἰ
779 229 796 255 .«
828 143 1319 303 Memmi-orum

326 327 489 412 srduum
515 315 577 406 est
592 311 715 415 salis,
752 320 900 400 iterum
926 310 1042 398 simili
1070 314 1226 396 ratione
1259 312 1514 396 examinetur
1541 373 1553 412 ,
1578 311 1718 412 donee

242 444 248 456 ’
320 428 480 538 ‘habeas
511 433 602 549 plus
630 429 755 549 quim
775 421 973 540 ¹semissem
1003 427 1108 512 illius
1131 424 1311 522 resrdui‘i
1348 425 1605 544 acceptisque
1633 432 1720 512 ite·

326 581 500 654 rumcot
521 552 702 636 terminis
726 541 1157 672 progrcllronis'duplae
1185 537 1355 624 habebis
1386 545 1475 656 ejus
1506 549 1716 662 quantia.

330 701 438 761 tem:
465 680 505 756 bt
525 667 578 752 stc
600 666 827 782 deinceps,
852 661 986 746 donec
1012 685 1139 746 cottus
1166 653 1376 771 proposrtae
1408 657 1525 744 molis
1551 661 1716 777 pondus

334 781 576 886 innotescat·
1649 856 1653 865 ,

390 893 567 1015 desr
591 924 744 981 certam
767 890 851 978 salis
867 888 1096 980 mensnram
1107 890 1322 976 extrahere
1340 909 1393 974 ex
1413 885 1498 978 tuti
1518 883 1588 972 illa
1603 883 1718 972 mole

331 1020 553 1113 desiderat,
570 1043 635 1121 ex..
646 1041 705 1124 gr.
725 1009 845 1094 libras
861 1037 965 1106 tres,
987 1009 1069 1094 hoc
1089 1005 1149 1090 est
1171 1009 1309 1092 uncias
1323 1017 1373 1106 36
1390 1067 1402 1106 ‚
1426 1003 1592 1090 observa
1610 1031 1718 1116 quot

332 1135 515 1226 terminis
544 1123 824 1244 progrellionis
844 1122 975 1238 duplae
995 1119 1181 1238 proxime
1204 1121 1374 1206 accedas
1396 1121 1448 1204 ad
1470 1111 1719 1236 propbfitam

333 1251 627 1368 quantitatem,
646 1255 688 1328 ὃ(
718 1256 839 1327 eruut
862 1245 1046 1356 quinque
1072 1243 1266 1336 termini,
1291 1267 1466 1350 quorum
1485 1235 1716 1353 postremus

331 1367 394 1451 est
411 1377 486 1460 16,
501 1370 543 1448 δε
554 1385 639 1441 tota
651 1355 803 1442 summa
818 1387 878 1458 31.
906 1357 1046 1467 'Qare
1062 1360 1269 1468 operatio,
1286 1381 1333 1436 ut
1344 1349 1388 1435 su
1419 1349 1481 1450 ri,
1494 1355 1722 1466 quinquies

332 1477 555 1596 repetenda
575 1472 657 1568 est,
678 1483 719 1560 δι
739 1470 942 1556 habentur
960 1473 1090 1552 unciae
1106 1500 1149 1574 31
1177 1506 1187 1552 t
1211 1465 1359 1583 quibus
1377 1382 1551 1584 liposrtis
1571 1469 1718 1579 inqui-

332 1594 616 1684 rantur-uncie
633 1621 650 1700 5
669 1587 864 1680 addendae
878 1649 890 1686 ‚
906 1615 1001 1669 nam
1013 1581 1166 1698 duplici
1189 1587 1422 1700 operatione
1439 1583 1611 1696 singulas
1631 1612 1716 1664 un-

333 1719 416 1800 cias
431 1711 635 1820 accipicns
650 1708 695 1791 iu
709 1704 881 1788 eandem
904 1702 1062 1786 lancem
1075 1729 1170 1792 curn
1189 1697 1311 1784 uncii
1330 1698 1514 1810 legitimi
1531 1726 1722 1811 repones,

336 1841 379 1917 &
406 1827 511 1912 facio
533 1821 699 1904 demum
717 1816 944 1935 aequilibrio
967 1811 1138 1930 reliquas
1165 1845 1243 1904 tres
1268 1821 1407 1902 uncias
1431 1813 1602 1910 habebis
1626 1875 1640 1913 ,
1667 1840 1720 1898 ut

335 1943 489 2034 summa
505 1935 744 2030 conficiatur
768 1944 834 2043 36.
849 1964 944 2034 unc.
1224 1947 1227 1958 ’

672 2180 1228 2326 Puouosrrno
1310 2211 1377 2316 V.

260 2589 265 2603 ,
328 2471 542 2592 Libram
569 2471 827 2630 equalium
856 2465 1160 2618 brachiorum
1184 2465 1538 2621 construeread
1563 2465 1722 2618 plara

270 2624 273 2634 ’
402 2633 625 2794 pondera
651 2629 760 2744 tiam
776 2628 1086 2786 multiplicia
1106 2629 1214 2741 tiam
1225 2625 1633 2786 firbmultiplicia

575 2787 784 2942 ejusdem
812 2787 1099 2948 aqatipondij
1122 2787 1477 2902 examinanda.

381 3089 512 3192 Llud,
539 3095 583 3180 in
616 3125 701 3210 quo
724 3091 881 3211 piaestat
908 3089 1020 3178 librae
1042 3087 1217 3194 statera,
1259 3089 1320 3178 cst
1340 3155 1363 3194 ,a
1389 3083 1507 3208 qubd
1528 3117 1612 3184 uno
1639 3118 1721 3175 co-

380 3209 558 3323 demque
596 3209 746 3294 staterae
774 3209 1036 3325 aequi'pondio
1064 3206 1180 3320 plura
1210 3210 1391 3321 pondera
1422 3209 1727 3294 examinamus,

337 3327 441 3410 Non
460 3324 641 3410 diffiinile
656 3325 946 3441 compendium
962 3325 1145 3410 invenire
1167 3315 1434 3436 pollumucin
1458 3319 1560 3405 libri
1575 3351 1723 3436 aequa-

336 3435 441 3524 lium
476 3439 779 3542 brachiorum,
814 3470 904 3556 quae
941 3467 1079 3522 tamen
1115 3434 1290 3550 spartum
1320 3445 1364 3524 in
1391 3435 1593 3552 superiore
1622 3439 1726 3520 loco

334 3553 486 3648 habeat
508 3565 522 3649 3‘
548 3555 638 3640 haec
663 3562 774 3650 enim
803 3583 877 3669 pro
905 3549 1064 3642 diversi
1087 3555 1313 3666 ponderum
1338 3551 1609 3667 inaequalitate
1640 3581 1724 3636 va-

336 3669 439 3756 riam
474 3667 602 3756 habet
628 3671 967 3771 inclinationem,
994 3673 1038 3754 in
1065 3667 1147 3782 qui
1174 3667 1352 3784 quiescat
1382 3667 1551 3782 oblique
1576 3668 1726 3782 posita.

337 3787 514 3986 Expedit
550 3814 687 3873 autern
719 3785 896 3904 spartum
931 3783 955 3870 i
985 3785 1094 3873 linei
1123 3789 1213 3900 jugi
1248 3784 1459 3898 aliquantu
1479 3792 1481 3798 '
1500 3776 1727 3869 intervallo

337 3904 383 3988 di
420 3931 500 3986 are.
559 3899 619 3986 Sit
654 3899 793 4018 scapus
829 3903 1006 4017 planus,
1037 3905 1083 3986 in
1114 3931 1197 4016 quo
1228 3901 1335 3986 linea
1363 3905 1454 4016 jugi
1495 3903 1605 3984 rena
1632 3903 1724 3984 AB
1762 3965 1772 3971 -

339 4016 527 4104 bifariam
550 4017 758 4104 dividatur
787 4023 833 4101 in
867 4021 908 4104 C
928 4053 943 4112 3
977 4047 1030 4102 cx
1054 4017 1213 4133 quoad
1239 4016 1409 4130 angulos
1436 4019 1563 4100 retius
1587 4009 1724 4103 affur-

336 4161 407 4248 gat
435 4135 607 4220 firmiter
635 4133 793 4219 adnexa
854 4133 936 4217 uasr
964 4133 1121 4249 lingula
1162 4135 1298 4232 CD,
1331 4137 1386 4218 ita
1418 4116 1637 4226 tarnensi-tt
1668 4135 1724 4220 in

333 4255 380 4338 D
421 4239 738 4336 statuatur'llxis
766 4164 868 4333 anie
899 4245 1102 4350 insertus,
1143 4245 1254 4334 circi
1283 4279 1408 4366 quem
1430 4246 1621 4334 versanda
1653 4247 1723 4336 est

335 4363 477 4459 libras
512 4373 554 4452 δι
576 4375 629 4454 ex'
653 4395 729 4452 axe
752 4365 929 4483 pendeat
947 4363 1286 4480 perpendiculum
1318 4367 1446 4463 DE,
1487 4367 1602 4476 cujus
1618 4355 1721 4448 lou-

335 4481 484 4596 gitudo
502 4510 613 4567 tanta
636 4477 716 4568 effe
731 4481 945 4584 debet,ut
959 4511 1044 4566 non
1060 4481 1109 4566 fit
1121 4487 1256 4578 minor
1277 4479 1491 4566 intervallo
1512 4483 1557 4564 D
1572 4483 1614 4566 A
1643 4508 1727 4564 aut

333 4599 441 4702 ΒΕ
483 4599 596 4688 Tum
615 4628 671 4692 ex·
688 4596 931 4734 Axsumatur
955 4602 1079 4691 tutius
1099 4597 1324 4714 liucatjugi
1363 4599 1454 4690 AB
1479 4599 1599 4684 tertia
1622 4625 1723 4710 pars
1774 4653 1777 4662 ι

1609 4717 1719 4850 A23
