3918 5262
480 193 635 312 Liber
640 200 849 354 primus.
903 201 1117 316 CAPuT
1152 207 1188 311 1.
1212 181 1387 316 bell.⁴
1573 133 1666 346 ,γ’

218 383 323 448 cem
334 360 530 448 recedant
541 421 553 460 ,
565 359 842 475 aequumfuit,
860 388 909 444 uc
920 391 1010 477 quae
1020 358 1109 476 plus
1123 357 1279 446 habent
1299 363 1474 446 materiae
1485 391 1614 480 atqup

225 473 461 576 substantiae
477 473 547 562 sub
559 479 706 560 minori
720 474 894 576 mole,in
907 477 1139 590 angustiore
1155 474 1280 592 spatio
1292 477 1613 590 collocarentur,

221 623 276 678 ea
288 588 418 692 verb,
435 623 525 708 quat
540 589 612 676 sub
626 589 845 707 majoribus
866 591 1193 678 dimenfionibus
1218 597 1503 693 continentur,
1518 625 1608 693 amr

221 705 357 824 pliora
373 704 497 823 spatia
511 735 785 822 occuparent,
805 706 876 793 ubi
892 708 990 823 radij
1009 713 1138 820 magis
1160 707 1333 792 distant:
1355 737 1401 792 ut
1416 709 1609 802 v2delicet

224 827 308 908 hac
334 829 492 908 ratione
513 853 627 938 aequa
646 817 1120 928 substantiaedistributio
1135 825 1252 908 fieret
1275 829 1319 908 in
1338 829 1421 911 toti
1445 821 1608 940 sphaera

218 939 346 1022 Hinc
364 943 493 1038 vides,
509 969 583 1022 cur
596 939 788 1022 idemcor
820 971 879 1046 ux,
893 971 944 1024 eo
955 937 1039 1054 ipso
1051 941 1164 1053 quod
1185 969 1317 1024 rarum
1334 939 1392 1040 fit,
1406 939 1609 1044 ascendat,
1673 1027 1676 1036 ,

223 1081 274 1140 ut
289 1085 397 1168 aqua
421 1062 466 1138 in
490 1082 683 1170 vaporem
706 968 877 1138 reloluta
908 1055 1008 1151 (nisi
1029 1055 1194 1142 aliunde
1209 1055 1260 1143 ad
1277 1052 1613 1154 descendendum

220 1169 537 1266 determinetur,
556 1198 601 1252 ut
616 1199 761 1254 aurum
774 1169 1018 1264 fulminans)
1047 1175 1142 1286 quia
1165 1165 1350 1256 materies
1370 1173 1513 1256 eadem
1534 1171 1606 1270 sub
1717 1272 1720 1287 Ι

222 1285 447 1398 majoribus
464 1284 786 1370 dimensionibus
802 1290 905 1400 petit
921 1284 1083 1396 longius
1105 1281 1236 1372 abeffe
1250 1282 1272 1372 a
1285 1315 1447 1384 centr0,
1465 1287 1606 1404 ibiqub

222 1397 419 1512 tantisper
441 1403 717 1516 conquiescit,
736 1401 838 1484 dum
855 1399 1101 1514 constipata,
1113 1431 1236 1516 atque
1247 1406 1448 1486 minorem
1462 1409 1507 1488 in
1518 1435 1605 1490 mo

221 1512 310 1602 lem
323 1515 504 1614 redada,
522 1521 671 1600 iterum
685 1511 916 1600 descendat.
1588 1555 1594 1615 ς

284 1635 424 1746 Qare
437 1659 624 1716 centrum
639 1633 741 1730 hoc,
756 1633 868 1748 quod
879 1661 1037 1734 motus,
1055 1631 1119 1718 vel
1132 1635 1246 1748 quies
1256 1662 1473 1748 corporum
1485 1633 1608 1752 respi-

220 1748 309 1845 cit,
328 1750 481 1830 dicitur
501 1761 671 1826 Centrum
683 1751 885 1853 gravium,
904 1745 950 1840 ό·
965 1751 1105 1828 levium
1123 1782 1133 1837 r
1152 1777 1274 1864 atque
1296 1753 1407 1834 idem
1424 1751 1606 1846 creditur

219 1853 307 1946 effe
319 1891 415 1946 cum
431 1892 573 1949 centro
584 1861 757 1948 univerli
775 1861 863 1949 :vel
884 1861 1019 1951 saltem
1036 1869 1111 1962 (ne
1124 1863 1263 1977 parum
1278 1863 1367 1947 utili
1384 1895 1457 1950 nos
1468 1866 1607 1980 dispu-

219 1981 380 2061 tatione
398 1983 684 2092 torqueamus)
704 2007 893 2064 centrum
912 2011 1076 2078 eorum,
1096 2009 1186 2094 quae
1204 1985 1248 2064 in
1261 1978 1339 2064 hac
1355 1979 1505 2094 sphaera
1517 1983 1603 2068 ele·
1632 1979 1634 1983 ’

218 2079 397 2178 mentiri
421 2099 585 2207 gravia,
602 2122 673 2178 aut
686 2093 792 2178 levia
803 2095 1020 2193 dicuntur,
1037 2096 1148 2179 idem
1165 2093 1225 2178 est
1248 2125 1343 2180 cum
1365 2125 1507 2204 centro
1524 2125 1607 2182 ter·

219 2213 366 2324 raquei
379 2209 504 2326 hujus
524 2211 635 2322 globi
650 2271 661 2309 ,
676 2237 721 2292 ut
733 2212 970 2324 quotidiana
981 2212 1104 2296 docet
1119 2213 1369 2325 experientia
1382 2249 1390 2293 :
1404 2215 1605 2329 quicquid

223 2323 297 2422 sit,
316 2355 369 2409 an
383 2355 472 2441 pars
486 2325 638 2412 lunaris
649 2323 785 2438 globi,
806 2322 981 2412 fillunal
999 2322 1297 2439 sejungeretur,
1315 2327 1492 2412 reditura
1506 2322 1607 2416 elset

217 2441 278 2548 acl
291 2439 442 2540 lunam,
457 2469 502 2526 ut
513 2443 564 2526 ad
576 2469 763 2526 centrum
776 2439 835 2526 sui
848 2469 994 2526 motus.
1012 2445 1119 2526 Tam
1133 2441 1379 2558 itaque,quae
1389 2441 1603 2556 hujusmo-

100 2557 105 2568 '
219 2555 270 2640 di
286 2585 428 2642 centro
436 2562 621 2674 proxima
634 2553 738 2658 sunt,
751 2554 939 2642 deorsum
954 2555 1079 2673 posrta
1093 2557 1289 2644 dicuntur
1300 2619 1311 2658 ,
1322 2554 1473 2644 sursum
1486 2558 1603 2662 verb,

196 2709 199 2718 ·
221 2701 318 2786 quat
340 2673 392 2760 ab
408 2705 461 2759 eo
473 2671 634 2785 longius
647 2673 842 2760 collocata
856 2667 958 2757 sunt.
989 2675 1106 2756 Hinc
1127 2670 1279 2758 telluris
1293 2669 1518 2787 superficiei
1536 2679 1601 2762 in-
1645 2732 1647 2742 ·

220 2787 408 2874 sistentes
424 2817 548 2906 caput
563 2785 743 2887 sursum,
766 2791 889 2905 pedes
907 2785 1095 2876 deorsum
1117 2786 1268 2874 habere
1291 2789 1477 2874 dicimur.
1528 2791 1603 2880 Ille

221 2900 357 3006 verb,
375 2913 558 3020 quamvis
572 2909 724 3004 fedus,
735 2915 779 2992 δι
790 2907 936 3022 pedes,
958 2915 1001 2990 ὅ(
1018 2930 1140 3016 caput
1151 2899 1301 2988 sursum
1314 2903 1506 3004 haberet,
1523 2939 1615 2994 cua·

189 3101 193 3108 .
216 3023 289 3133 jus
304 3023 520 3109 umbilicus
536 3025 636 3108 huic
655 3045 796 3106 centro
810 3021 984 3106 universa
1005 3012 1259 3130 congrueret.
1304 3024 1381 3104 Pet
1397 3023 1508 3135 quod
1524 3052 1599 3137 pa-

224 3139 325 3222 riter
335 3167 523 3226 centrum
546 3139 575 3222 st
594 3137 696 3224 scala
706 3138 828 3222 duda
848 3133 1124 3254 intelligatur,
1143 3135 1227 3220 duo
1243 3129 1402 3252 pollent
1425 3135 1495 3220 fibi
1515 3165 1601 3226 non

220 3281 441 3342 occurrere
456 3259 661 3355 invicem,
684 3254 779 3338 licet
795 3253 897 3338 alter
917 3247 1174 3347 ascenderet,
1191 3249 1293 3336 alter
1315 3249 1598 3348 descenderem
1654 3266 1655 3270 '

220 3369 297 3456 hic
313 3371 513 3488 fiquidem
531 3372 743 3456 accederet
761 3372 813 3456 ad
836 3395 1047 3462 centrum,
1060 3363 1128 3468 ille
1150 3368 1247 3451 inde
1268 3367 1505 3454 recederet:
1528 3397 1602 3484 per

221 3515 317 3572 cam
331 3483 431 3573 verb
442 3481 570 3600 pollet
580 3517 751 3603 uterque
761 3484 998 3586 ascendere,
1014 3491 1056 3567 δι
1068 3507 1204 3564 tamen
1216 3483 1332 3584 licet,
1348 3483 1495 3600 aequali,
1506 3513 1598 3568 mo-

222 3630 562 3710 mmovercntur,
577 3599 733 3719 semper
744 3608 924 3692 invicem
934 3595 1128 3687 distarent
1139 3604 1288 3711 magis,
1302 3594 1391 3717 qub
1413 3597 1437 3684 ὲ
1458 3629 1600 3688 centro

217 3721 275 3804 ad
291 3718 495 3836 oppolitas
512 3747 644 3835 partes
654 3721 905 3808 recederent.

996 3921 1562 3958 unuh-dunum
1698 3916 1701 3926 '

658 4053 1007 4165 error
1085 4023 1227 4163 11(

118 4329 143 4390 x
226 4257 366 4399 'An
386 4317 580 4444 corpora
594 4291 798 4448 prodita
804 4289 903 4444 fint
908 4297 1201 4450 gravitate,
1220 4297 1290 4411 ὅ
1301 4273 1540 4418 levitate.
1613 4263 1614 4266 Ὺ

170 4553 174 4560 ’
216 4487 371 4745 INter
383 4555 432 4614 ea
445 4591 457 4626 ,
472 4555 563 4642 qttae
579 4529 701 4646 plane
715 4535 975 4651 homogenea
991 4533 1104 4632 sunt,
1118 4533 1218 4618 ordo
1236 4525 1316 4616 elle
1332 4561 1417 4614 non
1430 4525 1602 4650 potest&

264 4645 406 4732 natum
421 4645 630 4793 institutus
645 4686 654 4734 :
669 4653 771 4748 hine
784 4651 815 4742 fi
830 4653 943 4744 nulla
962 4647 1059 4764 ellet
1078 4678 1298 4852 corpoffm
1309 4645 1600 4848 :lidimilitudq

233 4827 241 4835 μ

228 4830 317 4882 vla
