3918 5262
370 261 442 367 70
845 207 1265 334 Mecht'tm'cmm

371 411 516 474 caetera
540 381 677 492 omnia
697 374 792 461 inde
811 374 1005 465 excludit.
1048 378 1289 466 Restituunt
1314 374 1353 467 se
1373 383 1512 494 gravia
1540 381 1746 476 inlocum

375 499 492 587 suurn
507 493 643 582 versus
657 521 844 580 centrum
867 495 1099 694 perpendo,
1120 525 1270 584 non-ut
1283 498 1336 584 ad
1352 525 1538 589 centrum
1553 505 1744 595 venianit

375 615 443 705 sed
458 644 505 701 ut
526 613 630 698 nihil
647 609 776 696 levius
799 609 905 694 infra
943 610 1193 708 ehabcantt
1223 613 1568 728 quemadmodum
1584 615 1747 702 &levia

374 729 512 820 verslts
524 726 668 820 caelum
679 719 926 826 ascendunt,
946 757 1032 810 non
1046 755 1092 810 ut
1106 725 1250 812 celum
1263 755 1416 844 petant,
1428 727 1746 844 ibiqucdemum
1828 736 1832 742 “

374 847 607 966 quiescant,
624 841 691 928 sed
708 871 761 925 ne
782 842 881 958 quid
899 846 1063 954 gravina
1077 839 1192 958 supra
1216 840 1255 928 sc
1279 847 1498 960 patiantur.
1542 846 1748 933 Catterltm
1799 911 1807 928 .

212 1039 216 1052 .
374 967 456 1057 hoc
467 959 578 1076 ipso,
600 955 717 1074 qubd
743 983 910 1056 natura,
932 967 975 1043 bt
996 961 1240 1042 vacuitatem
1250 987 1415 1042 ornnem
1438 957 1684 1059 eliminavit,
1704 973 1747 1050 δι

275 1127 278 1134 ’
372 1106 591 1198 corporum
604 1075 925 1192 penetrationem
937 1069 1185 1192 proscripsit,
1197 1084 1240 1160 dc
1263 1077 1348 1157 vim
1362 1069 1400 1156 se
1414 1068 1490 1156 suis
1504 1073 1748 1194 locisdispo-

377 1195 502 1282 nendi
524 1188 762 1308 corporibus
779 1185 948 1285 indidit,
966 1181 1055 1272 satis
1072 1188 1248 1274 universi
1269 1187 1535 1272 consistentitt
1552 1199 1595 1277 δι
1613 1195 1747 1288 ordini

372 1303 681 1399 tonfttltumest.
707 1307 846 1416 Quare
855 1308 1018 1416 corpori
1035 1303 1140 1387 nihil
1155 1303 1285 1388 levius
1298 1303 1404 1388 infra
1419 1293 1638 1392 bhabenei
1657 1308 1748 1400 ntd—

371 1425 454 1515 lam
477 1449 666 1542 preterea
693 1423 1002 1532 gravitationem
1028 1417 1285 1504 tribuendam
1301 1415 1487 1517 censeo,
1516 1449 1747 1535 protecte.

374 1539 616 1635 listenttam,
636 1565 689 1618 ne
713 1530 869 1617 sursum
880 1561 1102 1618 moveatur.
1142 1535 1335 1619 Gravitas
1350 1534 1548 1648 liquidem
1564 1566 1648 1621 nott
1669 1539 1747 1630 nisi

373 1652 607 1774 comparate
630 1651 801 1746 dicitur,
827 1648 967 1734 habiti
988 1654 1160 1735 ratione·
1173 1654 1344 1765 proximi
1362 1655 1570 1764 corporis,
1595 1656 1639 1736 in
1663 1683 1748 1768 quo

372 1799 570 1890 tanquam
589 1771 634 1852 in
649 1765 740 1848 loco
757 1762 893 1848 existit
917 1765 982 1864 id,
998 1767 1115 1880 quod
1139 1791 1262 1878 grave
1280 1766 1436 1850 dicitur¹
1446 1799 1458 1858 t
1475 1795 1573 1850 nam
1591 1767 1620 1852 u
1638 1769 1752 1860 orbis-

374 1883 582 1976 universus
596 1877 796 1965 constaret
809 1883 933 1963 unico
953 1909 1122 1994 corpore
1143 1884 1423 1991 homogeneo,
1446 1881 1551 1966 nihil
1565 1873 1662 1966 effer
1676 1913 1747 1974 aut

371 2032 497 2122 grave
513 2026 586 2084 aut
598 1996 709 2092 leve,
722 2025 819 2078 cum
838 1993 943 2080 nihil
959 1991 1056 2080 esset
1068 2058 1079 2096 ,
1090 1992 1212 2112 qubd
1225 2025 1305 2112 prae
1319 1997 1405 2079 aliis
1415 1993 1647 2111 exposceret
1658 2028 1746 2115 pro

371 2118 463 2240 pius
486 2115 695 2201 admoveri
710 2137 852 2194 centro
865 2112 1052 2197 universi.
1088 2115 1199 2196 Cum
1216 2115 1355 2226 itaque
1368 2137 1473 2194 terra
1484 2113 1628 2196 adhoc
1649 2119 1746 2198 uni·
1819 2185 1828 2196 .

292 2287 301 2300 -
373 2233 474 2324 versi
487 2255 673 2316 centrum
685 2227 853 2344 perinde
872 2221 1092 2327 sehabeat,
1104 2256 1227 2345 atquc
1241 2225 1267 2309 st
1280 2225 1747 2344 corporibuslcvioribua

371 2379 459 2439 non
469 2342 885 2439 circumfunderetur,
904 2344 968 2427 his
981 2373 1075 2428 nam
1105 2373 1156 2428 ue
1177 2340 1338 2428 sublatis
1348 2340 1416 2425 illa
1426 2369 1503 2426 nec
1517 2342 1681 2458 propilts
1694 2347 1747 2434 ael

369 2461 546 2552 universi
561 2486 747 2546 centrum
759 2453 971 2543 accederet
982 2519 993 2556 ,
1004 2373 1256 2572 neolongids
1274 2457 1390 2542 abeo
1405 2459 1631 2554 recederet,
1647 2457 1744 2558 ided

369 2610 461 2702 pars
477 2606 593 2663 tertae
642 2601 882 2690 uaecumque
905 2573 1192 2690 cum'tcliquis
1213 2594 1442 2690 comparata
1466 2573 1747 2687 (ponaturhic

370 2695 490 2784 tellus
513 2716 599 2777 tota
613 2605 903 2802 bomogcnea)
925 2695 1151 2802 necgra-vis
1169 2688 1321 2774 estnec
1348 2687 1474 2781 levist
1494 2717 1543 2772 ac
1557 2692 1745 2803 proinde,

371 2808 470 2900 ciam
491 2806 602 2894 nulla
621 2833 711 2920 pars
731 2831 872 2888 centro
893 2810 1056 2920 propior
1075 2797 1154 2890 esse
1177 2808 1341 2917 exigat,
1361 2799 1486 2919 quim
1506 2803 1583 2888 alia
1601 2865 1613 2904 ,
1631 2806 1747 2892 nulla

372 2953 540 3044 quoque
552 2919 633 3018 est,
649 2949 738 3034 quae
751 2915 869 3003 aliam
883 2945 1026 3030 urgent
1036 2978 1047 3016 ,
1058 2947 1130 3005 aut
1143 2947 1301 3036 premat
1313 2917 1477 3035 proprie
1489 2979 1500 3016 ‚
1511 2917 1745 3021 sedomnes,

373 3055 418 3132 δι
434 3035 599 3152 singulte
608 3027 895 3120 tantumnodo
907 3061 1159 3150 repugnant,
1172 3065 1225 3122 ne
1242 3031 1391 3120 surium
1401 3039 1448 3118 in
1455 3037 1639 3122 medium
1656 3035 1748 3128 lete

369 3153 670 3245 transferantur.
689 3247 691 3254 ¹
1075 3185 1079 3192 ⁴

431 3275 548 3356 Hinc
563 3265 625 3352 est
637 3263 748 3382 quod
763 3289 877 3376 terrae
891 3260 1248 3351 consistentiamin
1261 3264 1356 3350 loco
1368 3263 1463 3364 suo,
1486 3295 1569 3349 non
1583 3263 1746 3382 proprie

370 3423 425 3479 cx
439 3387 550 3473 librae
565 3379 785 3476 rationibus
798 3378 1081 3496 explicandam
1093 3377 1239 3465 censeo
1251 3413 1263 3475 ς
1284 3387 1379 3498 quia
1400 3386 1443 3464 in
1459 3380 1747 3497 librdutraque

373 3507 468 3594 lanx
486 3527 578 3586 non
591 3521 792 3612 repugnat
811 3494 965 3594 solitrn,
989 3525 1042 3581 nc
1061 3495 1287 3596 attollatur,
1304 3495 1448 3584 veriam
1460 3499 1584 3579 etiam
1596 3501 1747 3598 inaure

373 3617 593 3708 constituta
612 3609 798 3698 deorsum
815 3613 959 3696 nititur
980 3647 992 3708 ς
1013 3640 1130 3698 terrac
1146 3639 1284 3697 autem
1296 3636 1428 3726 partes
1447 3607 1665 3725 superiores
1687 3613 1745 3698 nil
1854 3643 1859 3652 ·

373 3731 480 3825 insti
499 3729 538 3820 se
557 3728 686 3815 levius
708 3727 905 3816 habentes
918 3757 1003 3812 non
1018 3755 1220 3813 conantur
1239 3725 1439 3812 deorsum.
1481 3729 1535 3810 Et
1550 3727 1747 3840 quemad·
1773 3809 1777 3816 .

262 3949 267 3960 ,
373 3851 542 3940 modum
561 3843 589 3928 st
606 3842 715 3934 librat
733 3841 827 3927 lanx
841 3873 1012 4042 utrapue
1031 3843 1209 3959 subjcdio
1233 3843 1357 3957 plano
1372 3841 1656 3940 incumberet,
1678 3871 1746 3930 ea-

373 3973 466 4058 rum
498 3957 756 4048 consistentia
782 3987 869 4042 non
898 3987 923 4052 e
954 3986 996 4042 et
1024 3958 1250 4074 equilibrio
1280 3957 1530 4066 tribuenda,
1560 3963 1747 4072 quamvis

374 4077 600 4198 aequilibres
623 4072 720 4171 sint,
738 4069 805 4161 sed
821 4069 978 4157 idcircb
997 4070 1123 4160 solltm
1141 4071 1404 4158 consisterent
1424 4129 1436 4169 ,
1453 4080 1553 4186 quia
1574 4069 1681 4158 insti
1705 4071 1747 4158 se

373 4200 575 4304 haberent
592 4217 737 4304 corpus
750 4188 889 4302 ,quod
907 4187 1189 4303 pertnearevel
1208 4217 1292 4272 non
1314 4191 1466 4299 exigit,
1482 4185 1547 4271 vel
1567 4216 1743 4304 nonpo-

373 4313 450 4406 test
469 4335 609 4396 earum
628 4307 800 4420 gravitas
816 4340 825 4386 ε
846 4309 905 4386 ita
920 4331 1040 4387 ‘terrae
1056 4333 1190 4420 partes
1204 4301 1304 4387 licet
1320 4296 1429 4388 oded
1444 4302 1651 4418 equaliter
1667 4305 1747 4393 smt

369 4427 565 4550 dispositae
579 4425 686 4506 circa
699 4415 813 4504 suurn
826 4449 1051 4503 commune
1069 4423 1278 4532 gravitatis
1294 4441 1486 4502 centrum*
1504 4423 1669 4533 (inquo
1683 4425 1745 4504 via

369 4583 433 4642 res
445 4544 531 4634 suas
539 4533 903 4624 exererenttellure
915 4535 1000 4620 total
1009 4539 1055 4618 in
1065 4529 1314 4619 aer-islocum
1326 4533 1537 4630 translati)
1552 4561 1658 4618 utex
1671 4534 1752 4622 illo

368 4655 553 4784 suspensi
570 4651 713 4740 tellure
727 4657 773 4738 in
781 4649 1318 4768 tequilibrioeonststcteota
1335 4677 1535 4743 ettamen
1550 4647 1744 4849 rppistnun

386 4817 390 4824 ·
908 4801 916 4830 ’κ
1516 4795 1627 4850 conr
1665 4794 1741 4850 unt
