3794 5270
466 157 619 276 Liber
652 167 872 280 odorus.
914 171 1137 285 Curur
1166 175 1204 282 1.
1402 167 1534 312 761·
1670 137 1677 148 ¹
1855 249 1856 294 ³

144 333 246 470 spira
261 329 459 420 minorem
476 325 585 442 quali
602 327 910 440 complectitur,
932 321 1023 458 nonu
1042 328 1388 447 quemadmodum
1410 325 1524 416 helix
1670 395 1673 402 .
1696 405 1698 416 .
1856 381 1857 390 κ

145 484 190 540 m
204 451 327 567 plano
342 441 561 558 descripta,
576 439 642 528 sed
660 442 746 528 sere
769 444 870 529 ficut
885 442 985 560 spira
998 451 1041 532 in
1062 447 1156 534 coni
1170 477 1241 534 aut
1255 445 1368 560 globi
1386 443 1525 561 super-

107 579 115 602 ‘
149 573 241 658 licie
256 564 491 652 deformata.
524 562 636 675 Spira
650 585 787 644 autem
807 559 952 646 conice
966 563 1198 662 eludimur
1215 561 1409 681 sphaericd
1424 623 1436 660 ,
1451 589 1525 674 pa*-

89 770 94 787 ἴ
146 688 241 792 rinry
255 679 361 766 utilis
380 677 582 762 accideret
598 675 895 760 Machinatoris
908 678 1117 788 institutor
1133 684 1353 768 eumenius
1366 704 1437 778 ,ut
1454 675 1526 760 fir·

109 867 114 882 ,
148 829 306 895 metor,
322 790 530 880 inserenda
546 789 592 874 srt
605 790 792 876 foramini
805 791 987 880 stmiliter
1002 799 1044 880 in
1062 793 1203 910 spiram
1216 821 1427 894 excavato,
1439 821 1528 894 ma·
1660 879 1666 893 ,

147 923 252 1030 jores
269 925 363 999 coni
378 973 390 1010 ,
407 936 479 996 aut
498 905 632 1021 globi,
649 904 757 1020 spirat
777 939 861 994 non
885 937 1158 1026 congruerent
1170 909 1399 996 minoribus
1415 907 1534 1028 spiris

148 1028 359 1134 foraminis
374 1027 507 1112 conici
528 1051 599 1108 aut
624 1019 803 1137 sphaerici
823 1029 867 1110 in
881 1029 1047 1114 modum
1072 1023 1253 1144 scaphii,
1274 1056 1351 1112 nec
1372 1054 1444 1142 pet
1459 1053 1528 1114 eas
1633 1041 1637 1085 ³

147 1147 376 1269 promoveri
392 1134 547 1257 pollent
556 1173 568 1233 5
583 1163 706 1254 atque
719 1144 896 1228 minores
912 1148 1004 1230 coni
1016 1205 1028 1242 ,
1042 1171 1112 1230 aut
1124 1143 1258 1259 globi,
1270 1139 1529 1258 spiraeinam·

145 1261 344 1384 plioribus
359 1255 846 1373 spirissoraminislirmari
859 1265 1088 1374 nequirent.
1126 1265 1304 1378 Oportet
1317 1255 1532 1375 igitnrspi-
1567 1351 1577 1370 .

147 1415 235 1470 ram
250 1380 418 1466 omnino
434 1369 625 1458 fimilibus
643 1371 857 1472 dtr'diibus,
876 1401 998 1491 atque
1013 1375 1234 1492 aequalibus
1257 1371 1441 1462 constare
1457 1408 1470 1470 t
1487 1372 1532 1460 id

148 1498 262 1616 quod
282 1523 364 1580 non
384 1488 457 1576 nili
470 1485 710 1599 incylindro
724 1487 942 1578 obtinetur.
981 1495 1242 1608 Qaproptet
1259 1489 1463 1590 Cochlea,
1478 1491 1533 1576 de

148 1646 232 1732 qua
249 1610 316 1698 hic
332 1611 513 1722 agimus,
527 1599 587 1728 eil
603 1601 726 1688 solida
746 1603 845 1715 spira
858 1606 902 1690 in
923 1603 1133 1722 superficie
1151 1603 1335 1694 excavati
1357 1602 1532 1708 cylindri
1650 1705 1655 1715 ,

146 1731 363 1818 efformata
383 1759 396 1818 3
429 1750 518 1837 quae
536 1721 683 1806 vitium
709 1721 930 1833 Capreolos
945 1724 1096 1810 arboris
1116 1723 1271 1810 ramum
1298 1713 1532 1829 complexos

148 1847 308 1932 imitata
317 1837 480 1954 vulgari
504 1833 705 1920 vocabulo
732 1839 820 1918 Virt'r
853 1847 922 1938 (dt
936 1837 1093 1924 fortasse
1110 1839 1266 1954 aptiits)
1288 1842 1532 1923 nominatur.

147 1957 478 2077 Recepta'culum
500 1943 600 2038 vers)
622 1979 873 2054 concavum,
891 1959 959 2039 cul
975 1955 1181 2070 cylindrus
1203 1961 1247 2042 in
1272 1954 1445 2042 helicem
1460 1954 1535 2040 de·-

145 2081 347 2168 formatus
368 2073 621 2168 immirtnur,
638 2062 854 2185 habdtque-
866 2066 1025 2186 spitales
1039 2077 1230 2160 cavitates
1253 2069 1385 2158 solidat
1401 2070 1533 2180 cylin-

147 2197 216 2282 dri
232 2191 341 2312 spirat
356 2213 650 2303 congruentes,
676 2190 830 2264 Matrix
842 2187 1020 2286 dicitur,
1042 2191 1109 2304 alij
1137 2188 1286 2296 rjlum,
1308 2180 1534 2270 cochlrdr'um
1646 2205 1653 2216 ·

146 2298 1535 2425 alij,vocabuloadhancsrgnificationemdetorto,vulgusMatrem

146 2433 243 2514 Vitis
260 2451 483 2542 nuncupat.

209 2553 264 2636 Ut
283 2570 419 2628 autem
442 2535 584 2655 spiram
603 2534 789 2648 cylindro
812 2539 1032 2656 aequalibtrs
1060 2565 1185 2656 atque
1209 2536 1402 2628 srmilibus
1426 2543 1535 2659 gyris

150 2652 735 2768 circumduriamintelligas,
761 2662 933 2774 concipe
965 2658 1216 2769 triangulum
1240 2657 1535 2770 restangulum,

149 2780 274 2886 cujus
295 2769 632 2891 perpendiculum
654 2772 807 2888 aequale
831 2773 884 2868 srtv
901 2775 997 2875 dato
1021 2773 1137 2860 lateri
1163 2801 1237 2860 aut
1256 2778 1338 2858 Axi
1362 2772 1536 2886 cylindri

147 2895 298 2990 Reus,
326 2889 426 2977 basrs
449 2881 550 2974 verb
575 2885 767 3000 trianguli
786 2894 905 2974 toties
927 2896 1135 2978 contineat
1151 2893 1412 3008 perimetrum
1436 2887 1538 2972 basrs
1614 2925 1618 2932 ¹
1712 2937 1728 2962 κ

149 3009 330 3124 cylindri
344 3068 355 3106 ,
369 3009 528 3122 quoties
541 2999 642 3114 spira
657 3003 885 3116 cylindrum
901 3001 1030 3124 ipsum
1049 3005 1258 3121 compledi
1275 3002 1399 3090 debet
1409 3037 1422 3096 5
1441 3032 1537 3089 nam

91 3229 98 3236 ‚
146 3119 389 3240 hujusmodi
418 3119 607 3232 trianguli
637 3119 919 3235 hypothenusa
936 3124 1086 3212 lineam
1104 3101 1538 3238 spiialemomninosr·

147 3243 307 3330 militer
322 3239 484 3324 ductam
499 3240 544 3320 in
564 3235 736 3347 cylindri
760 3235 970 3352 superficie
986 3239 1212 3336 describet,
1233 3238 1261 3324 st
1289 3234 1538 3352 triangulum

149 3359 344 3474 cylindro
356 3352 709 3438 circumvolvatur.
1172 3433 1184 3457 Ι
1402 3443 1408 3453 ,

216 3479 278 3561 Sit
295 3468 471 3585 cylindri
485 3465 659 3556 altitudo
676 3473 779 3566 AB,
795 3465 960 3586 sitisque
976 3467 1075 3556 basis
1093 3470 1280 3573 circulari
1300 3467 1542 3590 peripheriae

147 3593 198 3678 stt
217 3588 382 3706 aqualis
401 3588 507 3670 recta
532 3585 614 3670 BC
635 3585 687 3670 ad
704 3587 859 3670 tedium
879 3617 955 3672 an-

147 3709 302 3824 gulum
323 3705 459 3789 CBA
481 3697 711 3786 constituta.
755 3704 958 3816 Oporteat
1224 3795 1227 3800 ,

145 3853 296 3912 autem
327 3817 353 3904 s
372 3822 469 3906 iram
499 3843 678 3932 quatuor
708 3821 816 3930 gyris
839 3849 954 3904 com·
996 3875 1001 3894 ·
1157 3877 1159 3880 -
1195 3847 1203 3858 ’

104 4026 115 4032 ,
146 3943 277 4060 ΡΙεᾶἰ
297 3849 549 4049 cylindrumr
566 3931 721 4018 ideirco
741 3937 847 4018 resta
871 3939 952 4022 BC

146 4057 580 4176 producatur,uttota
597 4053 662 4134 BF
679 4049 725 4134 lit
737 4049 859 4164 ipsius
873 4056 952 4140 BC

145 4167 407 4290 quadrupla:
427 4166 545 4250 dueta
558 4169 669 4258 enim
685 4167 951 4281 hypothenu-
1013 4191 1054 4298 F

147 4291 190 4378 sa
223 4289 330 4382 FA,
354 4279 644 4393 sttriangulum
670 4283 854 4396 cylindro
871 4285 953 4382 cir·
988 4377 1007 4384 ,,

144 4397 690 4516 cumpliceturquadrnplici
703 4399 954 4490 convolutio-

141 4529 233 4624 ne,
251 4515 481 4629 defignabit
502 4519 543 4600 in
558 4513 729 4630 cylindri
755 4517 964 4634 superfipie
981 4549 1157 4639 quatuor
1177 4522 1295 4641 spiras
1312 4532 1482 4614 omnino
1499 4529 1543 4612 li,-

138 4637 274 4728 miles
295 4645 336 4720 dc
357 4629 549 4765 aquales..
580 4632 791 4748 Spirarum
805 4640 1077 4766 aequalitatern
1103 4652 1143 4728 dt
1164 4641 1468 4733 similitudinem
1486 4641 1548 4736 fu·
