3794 5270
448 201 605 318 Liber
605 200 867 364 septime.
911 205 1134 322 CAl’uT
1157 213 1226 322 X.
1412 219 1523 352 ¹723¹

150 399 205 456 ex
225 395 380 486 quercu
410 366 557 482 gallam
582 368 802 482 decerpat,
823 377 866 454 δι
882 365 1027 452 malleo
1044 373 1267 482 percutiat,
1287 366 1342 454 ob
1362 371 1532 460 nimiam
1657 453 1661 474 ,

155 484 332 600 galbuli,
350 493 393 571 dc
411 481 524 598 gallae
544 481 751 570 levitatem
770 482 900 568 multo
915 483 1113 568 infirmior
1130 481 1206 574 erit
1219 487 1343 584 istus,
1361 483 1529 602 qudmli

156 599 350 716 aequalem
383 597 595 712 globulum
620 597 848 684 eburneum
879 625 1119 714 percuteret.
1165 602 1233 686 Ad
1258 602 1346 686 haec
1368 663 1380 702 ,
1401 602 1531 692 forma

156 717 323 832 quidem
338 743 432 831 apra
447 709 525 799 elle
535 714 679 830 potest,
697 743 773 797 nec
785 719 958 826 gravitas
971 742 1041 798 aut
1062 713 1186 799 moles
1203 720 1340 815 nimia,
1357 715 1530 834 sedquia

156 861 300 946 corpus
319 829 546 946 perculsum
566 833 709 944 nequir
727 827 973 944 percutienti
988 831 1151 930 cedere,
1169 831 1241 914 nist
1255 857 1399 948 corpus
1418 837 1531 926 aliud

153 949 383 1062 proximum
399 943 632 1062 repellatur,
651 971 863 1060 propterea
885 951 1025 1056 augeri
1053 946 1184 1062 potest
1206 945 1452 1057 resistentia:
1475 953 1532 1038 stc

153 1059 323 1147 sublicas
335 1065 581 1146 acuminatas
602 1057 1015 1170 intertamadigimus
1033 1056 1172 1145 fistucal
1191 1061 1274 1148 sive
1292 1063 1462 1150 diredas
1474 1069 1531 1156 ul

151 1170 491 1292 perpendiculum
503 1237 513 1273 ‚
526 1173 608 1260 five
621 1203 794 1290 pronas,
814 1170 941 1261 stdea
954 1175 1082 1284 potest
1098 1172 1176 1260 else
1185 1174 1338 1264 telluris
1357 1179 1530 1267 densitas
1637 1172 1644 1188 ⁵

152 1291 482 1408 comprellionem
494 1287 705 1405 respuens,
718 1317 765 1374 ut
780 1287 918 1490 spjpiits
931 1291 1080 1376 cadens
1093 1291 1234 1377 fistuca
1247 1321 1389 1407 patum
1402 1299 1528 1411 proliz

151 1407 246 1492 ciat.
275 1405 656 1514 Demumfieorpus
671 1435 795 1522 percu
830 1435 900 1490 um
911 1405 1141 1492 anteietum
1154 1437 1238 1492 non
1251 1407 1532 1524 quiescat,sed

150 1522 336 1638 opposito
352 1549 467 1606 motu
480 1547 666 1610 occurrat
677 1525 921 1634 percutienti
935 1581 947 1618 ,
962 1505 1049 1636 qiud
1067 1522 1245 1610 velocius
1261 1551 1469 1626 movetur,
1484 1539 1531 1616 dt

150 1641 376 1726 direuione
398 1640 526 1748 magis
545 1633 750 1752 oppositi,
769 1640 890 1722 etiam
912 1641 1040 1746 magis
1057 1637 1225 1736 resistit,
1250 1649 1293 1725 dc
1311 1663 1530 1756 utrumque

150 1753 320 1842 vicillim
333 1751 391 1836 est
402 1755 631 1865 percutiens
646 1761 688 1838 δι
700 1747 928 1864 perculsum
943 1785 954 1844 3
969 1752 1040 1834 nili
1058 1754 1169 1866 quod
1177 1759 1440 1866 percutientis
1455 1789 1530 1842 vo-

151 1868 347 1960 cabulum
362 1868 544 1953 validiori
558 1869 809 1951 conceditur.
857 1869 1014 1952 Contra
1027 1863 1124 1952 vetd
1139 1867 1532 1979 languidiotaccidit

152 1984 370 2103 percussio,
390 1983 418 2066 st
437 2011 581 2095 corpus
601 1985 832 2097 percutiens
846 1978 1078 2097 assequatur
1092 1981 1227 2082 aliud,
1251 1986 1361 2098 quod
1374 1987 1425 2070 ad
1444 1985 1531 2072 eas-

148 2105 248 2189 dem
265 2127 395 2214 pattes
410 2098 560 2183 tardius
574 2123 760 2182 movetur
771 2131 782 2190 3
797 2093 934 2212 edque
952 2094 1087 2182 minor
1104 2097 1162 2183 est
1182 2099 1421 2198 resistentia,
1442 2097 1529 2217 qud
1556 2189 1558 2192 ,

148 2222 287 2303 minor
299 2212 358 2298 est
375 2219 417 2296 in
429 2213 644 2312 velocitate
664 2239 850 2312 motuum
865 2207 1109 2324 differentia.
1156 2217 1220 2297 Sic
1236 2213 1462 2300 decidentis
1478 2247 1531 2302 ex

146 2331 371 2420 altitudine
382 2357 467 2412 non
479 2324 639 2413 modici
651 2325 793 2443 lapidis
810 2331 934 2412 istum
952 2357 1076 2412 manu
1090 2324 1190 2412 citri
1201 2327 1400 2414 laesronem
1415 2337 1529 2416 exci-

146 2449 308 2566 pimus,
324 2445 350 2528 st
369 2441 482 2528 'illius
506 2447 658 2539 motui,
679 2441 750 2528 ubi
769 2473 935 2527 manum
953 2443 1131 2555 attigerit
1152 2505 1163 2544 ,
1193 2443 1343 2558 exiguo
1364 2451 1531 2536 minoris

146 2556 619 2651 velocitatisdiscrimine
629 2555 950 2643 obsecundemus
965 2595 975 2641 ε
994 2559 1080 2644 haec
1097 2557 1295 2675 siquidem
1307 2565 1456 2676 exigua
1468 2591 1532 2647 re·

148 2677 332 2768 sistentia
350 2676 558 2760 modicum
576 2671 678 2790 quid
699 2671 873 2788 impetis
894 2675 1063 2770 deterit,
1086 2684 1127 2759 ὃ(
1148 2679 1242 2790 quia
1263 2675 1418 2790 aliquot
1437 2669 1529 2761 mo·

147 2821 293 2882 menta
305 2795 445 2888 durat,
460 2789 516 2872 ita
529 2787 669 2874 sensim
680 2815 922 2874 extenuatur
934 2794 1130 2902 impetus,
1145 2791 1367 2878 utdemum
1384 2794 1455 2906 qui
1468 2821 1531 2876 re·

146 2913 291 3027 liquus
305 2907 365 2993 est
381 2933 527 2988 nocere
541 2935 625 2988 non
635 2901 778 2989 ‘'valeat.

216 3023 314 3108 Hoc
331 3021 503 3106 artificio
522 3019 664 3134 procul
686 3018 813 3104 dubio
837 3017 1025 3128 utebatur
1041 3019 1231 3131 quidam,
1252 3021 1323 3133 qui
1341 3045 1436 3103 ante
1452 3017 1528 3102 ali·
1629 3025 1670 3070 s

148 3167 258 3259 quot
272 3167 421 3235 annos,
441 3165 548 3220 utex
564 3135 651 3219 viro
665 3134 745 3219 fide
758 3135 886 3244 digno
896 3161 1089 3246 tanquam
1112 3163 1195 3218 rem
1210 3135 1445 3218 notissimam
1464 3163 1531 3217 ae-

146 3253 265 3372 cepi,
280 3254 451 3337 Mutinae
465 3247 601 3336 ensem
610 3247 658 3334 ei
673 3249 914 3335 dexteritate
926 3247 970 3330 in
980 3248 1106 3356 altum
1122 3248 1371 3361 projiciebar,
1386 3276 1431 3331 ut
1442 3277 1530 3362 per-

146 3369 428 3490 pendicularis
448 3366 644 3450 recideret
658 3395 853 3448 mucrone
873 3360 1059 3449 deorsum
1081 3361 1295 3461 converso,
1315 3391 1438 3476 quem
1451 3393 1528 3446 ca-

142 3494 324 3578 dentem
338 3473 596 3566 nudamanits
609 3480 698 3565 vola
715 3479 883 3564 innoxie
897 3476 1148 3594 excipiebam
1166 3475 1232 3562 sed
1244 3479 1529 3592 cumaliquan-

143 3609 209 3692 do
226 3605 379 3683 invitus
398 3621 634 3708 cogeretur,
648 3621 694 3678 ut
707 3595 750 3679 id
771 3598 892 3678 n'oou
906 3597 1154 3708 experiretur
1172 3593 1407 3678 inconclavi
1420 3591 1528 3674 mul-

142 3727 201 3804 tis
233 3713 391 3802 facibus
407 3709 627 3808 illustrato,
656 3709 752 3795 citm
780 3710 1020 3809 (deficiente
1040 3707 1238 3792 constanti
1261 3719 1303 3795 d(
1324 3705 1528 3792 clarilfimal

140 3828 303 3922 diurni
319 3829 435 3923 luce,
450 3855 572 3942 quarn
592 3825 766 3910 aemulari
794 3857 878 3909 non
901 3823 1032 3938 potest
1049 3822 1217 3906 tremula
1240 3835 1281 3908 &
1297 3821 1527 3905 inconstans

139 3953 308 4039 facium
321 4008 331 4042 ‚
344 3942 780 4059 quamvismultarum,
803 3940 987 4034 flamma)
1006 3969 1088 4024 non
1114 3943 1165 4022 ita
1185 3937 1324 4023 exuste
1343 3931 1525 4050 asseque-

87 4105 96 4114 ·
138 4055 556 4152 teturdescendentis
569 4057 674 4172 gladi
675 4061 690 4170 j
704 4077 861 4141 snorum
876 4067 918 4144 δι
928 4054 1198 4151 velocitatem,
1214 4053 1336 4136 finem
1350 4049 1448 4138 fecit
1460 4051 1526 4136 lu.

134 4185 203 4271 do
227 4206 397 4262 manum
409 4177 613 4286 trajet‘lam
634 4174 821 4261 reserens.

206 4290 466 4379 Postremum
488 4299 631 4402 caput,
647 4317 698 4373 ex
727 4319 810 4402 quo
828 4283 1055 4373 resistentie
1078 4283 1221 4366 modus
1241 4279 1463 4367 desumitur
1482 4287 1526 4366 in

135 4405 492 4534 percuffionibus,
507 4405 565 4490 est
577 4400 658 4519 ipsa
675 4405 818 4518 positio
829 4409 1005 4522 corporis
1020 4398 1208 4516 perculsi,
1223 4427 1341 4512 prout
1361 4397 1529 4496 direue,

134 4556 220 4616 aut
244 4521 439 4636 oblique,
458 4523 582 4608 isium
600 4525 774 4636 excipit,
796 4517 876 4605 hoc
893 4521 1161 4643 estquatenus
1178 4513 1283 4599 linea
1295 4514 1526 4601 direclionis

131 4635 408 4752 moqum
429 4633 557 4728 fertur
570 4665 715 4750 corpus·
726 4641 981 4755 percutiens,
998 4627 1172 4838 prpurrit
1189 4635 1232 4714 in
1246 4636 1421 4748 corporis
1431 4655 1522 4744 per-

81 4787 87 4800 '
129 4802 135 4810 ’
1092 4777 1151 4861 ll
1214 4783 1232 4832 2
