3794 5270
421 183 578 298 Liber
578 181 843 340 septimus.
891 189 1105 340 Carus
1140 195 1243 308 Xl.
1360 191 1365 196 ’
1402 252 1437 348 7
1449 252 1503 352 33

68 335 72 388 ¹
186 349 323 460 igiturC
341 343 437 436 clam
456 353 501 433 in
513 349 735 434 direffione
752 347 801 432 M
813 343 859 436 N
876 345 1046 434 baberet
1059 351 1323 448 direstionem
1341 369 1510 460 mixtam

184 463 426 552 exdiredione
445 468 520 552 CS
539 462 675 550 versus
689 461 880 578 planum,
901 473 942 549 δι
968 461 1189 558 direstione
1206 479 1292 576 SB,
1319 493 1505 576 cum‘jm.

180 583 324 695 p'tdiatur
339 578 361 665 al
374 578 487 692 globi
503 577 698 668 soliditate
709 606 761 664 ne
782 581 835 664 ad
846 578 1015 694 planum
1029 579 1194 672 ulterilrs
1205 595 1394 694 accedat,
1411 631 1504 690 mu.
1524 625 1529 640 ·

177 696 448 783 ratsdireslione
467 697 602 781 CSin
617 696 862 808 CR,atque
873 691 1026 778 retenti
1038 701 1170 812 priore
1181 705 1404 800 directione
1423 724 1503 822 SB,
1630 713 1632 728 ¹

163 809 272 896 babet
294 811 553 897 direslionem
576 813 746 910 mixtam
767 810 1064 895 Cli-omnino
1094 813 1261 906 fimilem
1288 829 1500 920 direslioni

159 930 281 1040 puelli
296 932 340 1024 85
359 955 481 1042 arque
494 951 706 1040 propterea
725 925 822 1008 Cl=l
841 921 900 1008 est
914 924 1101 1037 parallela
1112 931 1182 1042 ipfi
1201 939 1280 1019 SP.
1326 947 1451 1059 Qod
1470 951 1497 1034 fi

165 1039 283 1150 globus
303 1045 418 1128 rotari
441 1037 824 1152 intelligatur„loco
839 1037 1058 1138 lineamm,
1077 1041 1129 1126 de
1172 1047 1289 1136 uibus
1303 1055 1497 1150 haetenus

160 1155 228 1240 suit
240 1153 376 1256 sermo,
396 1161 566 1270 concipe
584 1153 725 1268 plana,
741 1152 786 1236 in
801 1151 948 1267 quibus
960 1159 1110 1279 punsta
1123 1075 1192 1244 iiia
1207 1161 1292 1250 suas
1309 1177 1498 1284 periodos

157 1267 397 1358 describerent
412 1267 458 1354 in
471 1297 585 1354 motu
598 1273 828 1378 rotationiss
847 1279 888 1354 δι
904 1267 1022 1378 plana
1035 1266 1103 1354 alla
1120 1271 1248 1362 essent
1259 1285 1311 1368 ad
1328 1287 1494 1401 planum

152 1383 333 1471 resedens
345 1386 523 1472 similiter
534 1381 807 1482 inclinata,ut
817 1381 869 1466 de
881 1382 999 1468 lineis
1013 1385 1248 1478 dislumest.

202 1505 243 1586 lb
257 1505 397 1586 caetetis
409 1495 509 1585 verb
527 1495 760 1612 corporibus
774 1525 858 1582 non
879 1501 1061 1585 rotundis
1077 1501 1249 1592 idemde
1269 1541 1408 1602 eorum
1427 1535 1489 1605 re-'

147 1609 304 1700 flexione
314 1617 535 1701 dicendum
546 1611 628 1710 eil,
648 1609 798 1697 servati
811 1610 1018 1724 analogii,
1032 1645 1230 1732 quantum
1238 1623 1342 1712 serre
1357 1635 1489 1742 potest

141 1731 306 1816 anomala
319 1759 457 1814 eorum
473 1728 622 1840 figura,
639 1738 678 1812 δι
694 1724 822 1842 dispar
835 1735 1009 1838 partium
1026 1729 1170 1846 positio
1185 1727 1488 1835 circacenrrum

135 1843 326 1953 gravitatis
344 1872 415 1930 aut
429 1843 719 1958 magnitudinis
736 1876 746 1923 r
762 1843 806 1924 in
821 1841 957 1926 multis
971 1849 1079 1932 enirn
1099 1846 1330 1958 hujusmodi
1349 1890 1485 1976 aqua.

130 1958 219 2044 litas
229 1959 462 2072 angulorum
478 1958 707 2042 incidentiae
731 1965 773 2044 δι
795 1955 1026 2042 reflexionis
1038 1992 1121 2045 non
1138 1969 1278 2054 exacte
1295 1967 1484 2062 servatur.

129 2079 196 2159 Sic
213 2077 358 2168 uastam
377 2073 404 2158 sr
426 2071 592 2188 obliqui
610 2099 876 2186 contorqueas
890 2077 933 2156 in
947 2103 1111 2190 rupem,
1133 2107 1215 2164 non
1236 2083 1361 2172 modo
1380 2085 1482 2176 inae-

122 2190 352 2306 qualitatem
364 2186 606 2300 angulorum
619 2186 921 2300 deprehendes,
947 2185 1013 2274 sed
1030 2195 1096 2276 vix
1113 2191 1373 2300 reflexionem
1395 2207 1484 2291 fieri

116 2306 300 2390 admittes
316 2339 329 2398 5
344 2300 440 2419 quia
457 2301 648 2390 videlicet
659 2329 839 2386 extremo
852 2302 974 2386 hastae
989 2304 1099 2389 calce
1117 2337 1256 2420 rupem
1272 2341 1482 2428 tangente,

111 2419 279 2536 reliquae
294 2447 424 2534 partes
436 2417 631 2504 habentes
643 2419 749 2500 circa
761 2445 945 2502 centrum
959 2425 1163 2528 gravitatis
1173 2421 1385 2541 inaequalia
1396 2464 1479 2520 mo-

107 2563 279 2632 menta,
302 2533 422 2618 valdb
438 2533 602 2624 turbant
615 2559 773 2616 motum
790 2568 800 2613 r
819 2529 944 2618 solium
965 2561 1101 2626 autem
1119 2537 1283 2652 qnando
1301 2547 1413 2634 halla
1431 2549 1479 2637 in

99 2651 275 2766 pianum
290 2653 551 2763 impingitur,
575 2675 644 2732 aut
660 2649 790 2744 cadit,
804 2647 857 2752 ad
871 2651 1230 2761 perpendiculum,
1247 2653 1395 2744 servati
1410 2695 1475 2749 re.

99 2763 295 2850 flexionis
316 2761 454 2873 regula
466 2763 517 2848 ad
529 2759 699 2872 angulos
711 2765 838 2844 reslos
850 2761 995 2856 ieslitr
1011 2770 1106 2876 quia
1125 2794 1222 2854 tunc
1235 2800 1367 2884 partes
1383 2809 1473 2880 om.

91 2909 175 2963 nes
190 2885 299 2962 circa
316 2906 502 2962 centrum
516 2879 721 2986 gravitatis
735 2876 843 2990 paria
856 2875 1009 2961 habent
1024 2887 1241 2967 mom'enta.
1283 2890 1389 2976 Haec
1401 2924 1491 2994 au<

85 3023 181 3078 tem
200 3019 500 3076 momentorum
515 2989 718 3076 diversatus
734 3000 775 3073 in
793 2988 917 3104 globo
940 3021 1022 3074 non
1047 3001 1265 3106 reperitur,
1279 3005 1351 3088 nisr
1365 3007 1474 3096 sorte

78 3137 162 3192 aut
184 3109 355 3196 deficiat
380 3103 401 3190 ai
424 3104 598 3222 persedi
614 3107 859 3192 rotunditate
872 3133 965 3202 ,aut
980 3136 1165 3194 centrum
1175 3119 1471 3226 magnitudinis

69 3253 173 3306 non
206 3224 257 3306 fit
285 3225 394 3308 idern
416 3251 511 3306 eum
535 3249 678 3304 centro
699 3218 927 3333 gravitatis,
944 3217 1050 3306 adeb
1078 3252 1122 3308 ut
1137 3225 1244 3311 linea
1269 3239 1470 3345 punilum

63 3333 303 3422 contaetus
321 3334 425 3422 'cum
448 3365 588 3422 centro
607 3341 810 3446 gravitatis
834 3353 856 3434 ,“
872 3341 1049 3450 jungens
1065 3367 1149 3421 non
1176 3341 1223 3424 srt
1255 3346 1376 3457 plano
1398 3383 1465 3438 re..

56 3451 275 3537 flectenti
311 3450 652 3566 perpendicularis
686 3483 699 3546 5
737 3481 835 3536 tunc
875 3455 985 3538 enim
1015 3452 1316 3565 perturbaretur
1349 3465 1464 3578 globi

51 3567 269 3653 reflexio.
514 3615 536 3670 3
1083 3573 1086 3580 ’

112 3679 436 3766 Exdistissatis
451 3681 589 3796 aperte
606 3676 760 3764 constat
776 3673 1036 3771 reflexionem
1056 3711 1139 3770 non
1152 3714 1202 3770 ex
1214 3691 1368 3804 impetu
1380 3691 1455 3780 de-

49 3795 324 3882 irrnendam
337 3791 414 3880 else
426 3855 438 3894 ,
449 3795 812 3882 sedexdireslione
825 3825 982 3893 motus,
999 3797 1067 3882 cui
1083 3807 1464 3920 opponiturcorpus

49 3914 297 3997 esleciens
309 3973 321 4011 ,
335 3917 451 4024 juxta
472 3913 592 4010 buius
608 3907 844 4026 positionem
863 3915 1235 4027 perpendicularem
1256 3945 1326 4000 aut
1345 3921 1452 4008 obli-

55 4057 216 4113 uam:
236 4027 395 4110 multus
408 4025 703 4142 enimimpetus
724 4023 941 4140 aliquando
955 4029 1116 4114 officere
1132 4027 1262 4140 potest
1281 4035 1450 4148 aequali.

49 4150 107 4226 rtr'
139 4140 443 4254 angulorum,
467 4144 559 4230 srex
574 4138 776 4226 collifione
792 4145 967 4255 corporis
981 4147 1142 4258 impaslti
1161 4171 1259 4228 cum
1279 4177 1445 4265 corpore

46 4257 313 4341 ›flfflente
331 4317 345 4354 ,
366 4285 436 4340 aut
450 4257 709 4352 alterutrum,
730 4281 802 4338 aut
821 4286 1036 4372 utrumque
1059 4253 1291 4346 notabiliter
1313 4269 1447 4368 cedat,

47 4369 145 4458 feo
166 4399 229 4455 ut
256 4401 346 4456 non
357 4371 567 4488 contingat
578 4371 728 4454 sincera
742 4367 922 4456 reflexio.
965 4367 1277 4460 Caererirmcum
1290 4374 1443 4496 semper

70 4485 363 4572 reflexione
389 4487 435 4570 sit
454 4517 559 4574 nova
584 4487 755 4572 disertio
768 4491 890 4600 priori
907 4489 1120 4584 direslioni
1139 4491 1316 4602 opposrta
1335 4555 1346 4592 ,
1364 4493 1442 4580 ali.

48 4603 123 4690 id
151 4599 361 4720 imperius
375 4613 478 4720 perit
489 4633 563 4721 pro
579 4601 753 4688 Ratione
769 4601 1042 4800 oppofititprpa
1081 4603 1142 4686 Ex
1157 4633 1239 4718 quo
1254 4605 1300 4690 fit
1317 4609 1364 4693 in
1371 4641 1440 4695 re·
1475 4707 1493 4716 ..

1039 4742 1100 4802 zz
1160 4747 1181 4824 3
