3780 5270
377 221 386 240 ».
423 227 427 243 ,
706 189 748 229 rr
800 219 820 229 ..
964 185 984 198 Α
1088 214 1097 234 ,

373 238 483 379 5‘14
593 339 595 342 ,
683 252 709 286 ·’
736 236 745 286 ·’
838 193 1259 326 Meclamcomm

364 389 491 490 vires,
517 379 727 502 sraequalia
741 375 817 461 smt
835 371 1069 470 manubria,
1096 372 1168 486 qui
1190 368 1391 454 infirmior
1412 365 1472 451 est
1488 427 1501 464 ,
1519 367 1608 485 plus
1633 365 1732 455 subit

365 509 535 602 laboris,
553 501 677 618 quim
693 499 796 584 ferre
810 491 949 610 possit:
971 515 1013 573 at
1035 487 1247 573 sralterum
1262 484 1384 600 paulo
1399 482 1563 598 longius
1578 485 1626 568 stt
1639 547 1650 584 ,
1662 487 1734 572 de·

250 619 253 630 ’
366 625 554 716 biliorem
568 617 627 702 illi
647 613 839 732 applrcari
863 605 1067 725 oportebit
1084 667 1096 702 ‚
1111 631 1157 688 ut
1173 597 1330 686 minore
1353 602 1614 686 incommodo
1638 631 1734 717 prae-
1798 601 1803 612 '

348 743 559 856 'scriptum
578 747 679 850 opus
707 726 901 846 perficiat
934 719 1065 842 Quod
1083 720 1111 804 st
1129 715 1341 830 contingat
1363 717 1555 803 abunico
1573 719 1734 803 homine
1863 785 1864 810 y

368 853 685 946 convertendam
697 839 776 930 else
790 837 1015 936 surculam,
1036 867 1121 920 non
1146 832 1223 921 erit
1233 835 1582 920 contemnendum
1596 833 1737 920 laboris
1863 825 1864 852 ³

368 967 679 1088 compend-ium,
697 963 723 1046 st
736 958 850 1078 po'llit
862 953 1046 1068 longiore
1065 951 1280 1040 manubrio
1294 955 1366 1034 uti.
1489 945 1492 952 ’
1863 945 1864 948 ‘

427 1087 626 1216 Qamus
638 1105 775 1164 autem
785 1070 918 1156 nullus
935 1070 1130 1155 statuatur
1137 1067 1230 1152 ‘finis
1244 1066 1511 1165 conversioni,
1524 1069 1620 1178 quia
1631 1067 1737 1152 fouit

273 1305 275 1308 ,
366 1207 571 1296 ductarius
585 1193 788 1282 succ-ulam
808 1183 1276 1301 noncircumplestatnr‚
1290 1183 1433 1268 eadem
1450 1207 1590 1266 manet
1605 1187 1737 1268 Ratio.

371 1329 411 1410 Si
426 1323 538 1406 enirn
554 1317 620 1404 axi
640 1300 1037 1428 polygonoinsrstens
1054 1329 1197 1386 catena
1212 1298 1376 1412 singulis
1418 1295 1655 1398 altnaribus,
1672 1329 1742 1383 aut

302 1485 306 1504 =
368 1432 585 1548 majoribus
608 1422 827 1512 intervallis
840 1421 1020 1504 adnexos
1045 1415 1232 1528 globulos
1245 1444 1314 1500 aut
1326 1327 1454 1499 lilios
1464 1413 1616 1500 habeat
1627 1413 1740 1513 tubo,

297 1579 299 1584 ·
369 1585 442 1670 per
460 1577 583 1666 quem
601 1538 833 1636 transeunt,
850 1561 1135 1648 congruentes,
1150 1537 1221 1647 qui
1243 1535 1347 1614 intra
1363 1529 1738 1644 tubumaquanrin-

371 1665 604 1782 tercipietes
621 1661 721 1746 dum
731 1685 782 1740 ex
794 1649 963 1738 succulae
974 1649 1236 1733 conversione
1249 1645 1501 1745 attolluntur,
1513 1647 1660 1761 aquam
1668 1657 1739 1760 pa-

371 1791 469 1876 riter
487 1781 673 1870 elevant,
691 1769 908 1884 stcquue
918 1768 1101 1880 rapiunt,
1121 1791 1314 1880 perpetua
1331 1762 1416 1846 fieri
1433 1759 1565 1876 potest
1575 1792 1739 1846 conver·

372 1905 429 1990 sro
445 1937 456 1995 5
473 1895 633 2015 pondus
649 1914 807 1983 autem,
827 1883 940 2002 quod
964 1905 1177 1980 movetur,
1197 1878 1256 1964 est
1271 1907 1376 1992 aqua
1399 1877 1546 1962 tubum
1559 1877 1738 1992 implens.

369 2019 451 2112 Ubi
464 2013 692 2126 aliquorum
717 2003 959 2116 imperitiam
983 1993 1178 2106 castigare
1195 2021 1426 2193 oporteret,
1451 1992 1739 2108 quimanubrij

372 2129 674 2244 longitudinem
700 2125 819 2233 (quae
843 2113 923 2230 ipse
945 2137 1038 2195 'non
1063 2111 1146 2196 fine
1172 2115 1215 2192 in
1234 2114 1337 2194 citiae
1360 2110 1625 2195 admiratione
1647 2109 1743 2208 vidi,

373 2247 514 2338 narro)
529 2245 729 2328 minorem
742 2232 1034 2316 semidiametro
1048 2230 1132 2310 axis
1146 2229 1236 2325 ,cui
1252 2254 1393 2310 catena
1409 2223 1575 2324 insistit,
1592 2225 1740 2309 consti·

373 2387 522 2457 tuunt,
543 2365 586 2446 &
608 2377 822 2467 operarum
840 2345 1020 2432 laborem
1040 2339 1185 2426 frustra
1208 2369 1361 2454 augent
1382 2403 1394 2439 ,
1416 2339 1519 2425 dnm
1536 2336 1670 2424 minor
1687 2333 1745 2426 est

429 2473 567 2562 tentiae
580 2498 736 2563 motuS,
753 2459 877 2581 qutlm
892 2455 1096 2576 ponderis.
1142 2456 1259 2572 Qid
1281 2463 1392 2540 enim
1441 2455 1535 2540 aulo
1552 2459 1745 2565 majorem

372 2509 676 2705 liingitudinem
690 2579 905 2668 manubrio
919 2604 1001 2660 non
1017 2571 1228 2660 tribuunt?
1247 2571 1381 2660 minirs
1412 2569 1551 2656 cilicet
1563 2571 1743 2656 laboran-

376 2701 437 2796 tes
450 2735 580 2823 opetae
600 2693 841 2788 concitatilts
856 2721 974 2778 axem
989 2687 1229 2790 volverent,
1245 2687 1457 2806 &globuli
1481 2687 1651 2773 celcriits
1663 2683 1743 2771 ele-

374 2829 458 2911 vati
474 2825 609 2906 minus
632 2801 746 2932 aiyuae
758 2808 864 2896 elabi
879 2809 1068 2893 finerent.

402 3004 404 3012 .
432 2937 513 3036 lam
526 2931 625 3026 verd
640 2933 692 3018 ad
706 2935 895 3040 Ergatarn
907 2987 917 3024 ‚
929 2953 1018 3039 quae
1034 2921 1243 3008 modicum
1259 2916 1281 3005 l
1296 2915 1457 3004 soeculi
1472 2913 1625 3015 differt,
1637 2943 1744 3001 tran-

375 3055 530 3144 seamus
543 3113 555 3150 ,
568 3053 684 3164 cujus
698 3043 789 3130 usus
806 3037 1047 3158 pntilstmitm
1059 3037 1172 3122 estin
1185 3038 1393 3122 trahendis
1404 3033 1610 3131 oneribus,
1622 3064 1745 3148 quam

376 3199 502 3288 quam
514 3165 584 3253 illd
595 3171 731 3262 etiam,
748 3152 930 3246 adhibiti
942 3151 1134 3240 videlicet
1150 3148 1406 3251 trochled‚ad
1421 3177 1545 3234 onera
1557 3149 1747 3232 attollen-

267 3355 283 3376 ,
376 3291 503 3378 dauti
516 3283 722 3400 polimus,
736 3273 1024 3390 &frequentet
1038 3297 1209 3355 utamur.
1235 3267 1597 3404 Qemadmodum
1613 3292 1747 3374 autem

376 3409 421 3491 in
438 3398 607 3486 succulae
625 3393 825 3512 positione
845 3388 909 3475 est
929 3385 1135 3498 cylindrus
1150 3411 1197 3466 ut
1212 3381 1431 3498 plurrmdm
1450 3379 1658 3467 horizonti
1676 3409 1746 3494 pa·

377 3515 559 3617 rallrlns,
574 3502 844 3624 itainErgatti
857 3504 1043 3591 statuitur
1058 3503 1263 3593 horizonti
1277 3495 1633 3614 perpendicularis.
1663 3499 1750 3605 Cy·

1188 3614 1323 3701 lindro
1346 3618 1459 3698 enim
1482 3613 1577 3696 DC
1603 3615 1661 3694 ita
1679 3610 1745 3694 fir-

1187 3759 1299 3816 mato
1315 3793 1328 3829 ,
1350 3757 1398 3813 ut
1413 3724 1477 3814 vel
1493 3730 1602 3811 circa
1612 3753 1748 3810 extre·

402 3891 745 3957 W
814 3888 1106 3947 Μ
1188 3875 1276 3932 mos
1289 3841 1509 3962 polos,vel
1530 3847 1578 3926 in
1593 3840 1746 3925 locula-

1071 3959 1125 4067 Ε
1151 4039 1158 4046 .
1188 3991 1329 4050 mento
1351 3987 1537 4072 congruo
1566 3961 1747 4041 converti

1190 4073 1750 4195 poffit,additurvestisGEF

1195 4195 1439 4294 (autetiam
1463 4189 1599 4305 plures
1619 4192 1752 4272 vectes

800 4378 833 4409 c,
1191 4311 1328 4398 eidem
1355 4306 1541 4420 cylindro
1570 4303 1752 4418 infigun-

856 4464 1125 4523 w*
1188 4429 1286 4521 ¹tur)
1306 4423 1374 4509 cui
1391 4421 1592 4538 applicata
1602 4425 1749 4504 Poten-

1191 4547 1250 4625 tia
1272 4541 1373 4626 dum
1389 4539 1622 4651 cylindrum
1647 4541 1748 4620 circa

1193 4655 1311 4745 suum
1335 4685 1458 4744 axem
1484 4648 1652 4748 versat,
1685 4649 1745 4734 fu·

1578 4789 1749 4880 nemque
