3708 5274
451 191 809 352 Libe'rstxms.
863 203 1086 321 CAP'uT
1114 207 1248 326 llll.
1410 229 1522 334 ,6ιι

139 354 345 486 ,potencie
353 361 546 452 ¹deorsum
559 358 997 466 connitenti'sinmotu
1012 371 1282 483 impetum&
1296 379 1528 471 onerismo.

149 479 378 572 tuisursutn
391 485 654 597 repugnantis
668 479 910 594 grauitatem
922 481 1005 570 sertw
1016 483 1153 574 clavus
1167 485 1329 603 utrique
1345 495 1528 588 ,emens
1658 493 1665 524 t

147 596 441 686 solsoliditate.
486 603 599 684 Sicut
616 593 746 709 igitur
792 594 938 695 raritas
953 602 1236 690 inanimataex
1251 607 1525 704 trochlearum

147 715 252 804 fune
262 713 443 831 pendens
452 709 654 830 suspendit
668 627 1102 830 pontius,autattollit3
1119 719 1174 805 ita
1189 731 1370 834 potentia
1385 731 1527 818 vivens

142 828 291 920 ¹sunem
300 826 592 916 retinendosuo
603 829 763 947 impetu
771 835 963 928 uirtutem
972 829 1152 938 ejusdem
1163 839 1368 946 gravitatis
1377 871 1524 958 aequat,

144 977 195 1032 ac
212 944 380 1045 stmilem
393 948 476 1030 vim
488 975 652 1034 exercet
664 945 903 1044 inclavurns
916 946 1057 1037 sunem
1069 943 1169 1034 uero
1185 951 1385 1043 trahendo
1393 972 1522 1048 uirtu.

145 1091 231 1150 tem
254 1061 365 1148 illam
383 1059 589 1172 gravitatis
605 1061 786 1177 superat,
806 1091 931 1178 atque
946 1061 1130 1179 impresso
1146 1068 1304 1182 impetu
1320 1076 1521 1186 quodam,

143 1179 271 1264 modo
280 1179 485 1278 attenuat,
500 1180 555 1262 ita
568 1205 726 1277 tamen,
740 1179 1086 1294 utquoduiderut
1097 1187 1284 1290 gravitati
1293 1187 1519 1304 demptum,

50 1375 53 1381 .
140 1293 395 1408 intelligatur
410 1293 593 1378 additum
609 1299 774 1386 conatui
788 1299 979 1410 potentiae
995 1297 1260 1410 praevalentis.

202 1409 314 1494 Mihi
328 1435 465 1494 autem
488 1407 618 1525 [quid
632 1407 776 1498 frustra
797 1409 1058 1497 diffitnulom?
1071 1416 1084 1506 l
1110 1441 1194 1499 non
1217 1411 1317 1500 levis
1340 1415 1520 1526 injicitur

77 1561 83 1568 ·
141 1521 352 1644 scrupulus
367 1535 408 1612 δι
426 1524 642 1620 dubitatio,
657 1554 710 1610 an
726 1529 787 1610 vis
801 1523 909 1610 illata
920 1524 1048 1626 clavo,
1059 1557 1110 1624 err
1124 1558 1208 1644 quo
1220 1531 1410 1618 trochlear
1421 1567 1518 1628 cum

139 1671 268 1728 onere
282 1641 530 1755 dependent,
539 1637 769 1728 mensuram
786 1641 954 1755 precise
968 1647 1138 1760 recipiar
1155 1673 1206 1730 ert
1224 1643 1403 1734 absoluti
1421 1677 1519 1764 gra*

140 1763 268 1844 vitate
283 1785 442 1854 onerrs,
463 1759 627 1870 quando
636 1755 753 1856 abest
767 1785 935 1844 conatus
957 1763 1147 1872 potentiae
1174 1759 1276 1855 illud
1295 1764 1515 1856 attollentis
1631 1798 1665 1835 -τ

138 1903 212 1960 aut
227 1867 512 1986 suspendentis.
554 1870 789 1962 Dubrtaudi
808 1871 943 1960 ansam
959 1867 1081 1958 offert
1100 1877 1286 1988 quaedam
1299 1907 1516 1972 munerum

139 1991 408 2077 commutatio
424 1989 530 2072 inter
540 1991 782 2088 Potentiam,
796 1989 973 2090 Pondus,
988 1999 1029 2076 ὃ(
1040 1987 1258 2088 Clavum,s1
1271 1991 1515 2084 adeffeuio-

136 2099 644 2202 ncsdlvetsasreferantur.
670 2106 711 2186 Si
725 2106 837 2188 eninr
850 2109 983 2192 oneris
994 2101 1272 2219 suspensroaut
1287 2107 1460 2198 elevatio
1471 2114 1514 2200 vi

134 2216 330 2338 potentiae
346 2249 397 2303 ex
407 2215 572 2304 adverso
587 2219 754 2309 nitentis
769 2219 1064 2319 consuleretur,
1077 2221 1229 2308 Clavus
1241 2251 1406 2311 exercet
1421 2259 1513 2316 mu-

138 2329 1514 2451 nusRetinaculi:atsrvimclavoillatam,ejusqueinflexionem,aut

137 2443 406 2536 revulsionetn
424 2455 667 2550 intueamur,
684 2449 901 2538 efficientia
912 2456 994 2538 vim
1006 2450 1234 2563 hujufinodi
1247 2452 1511 2546 inferenstri.

137 2565 302 2654 buenda
312 2564 451 2650 estaut
464 2569 650 2679 gravitati
667 2572 813 2666 oneris,
826 2573 1076 2688 aut-impetui
1089 2567 1281 2680 potentiae
1292 2576 1509 2664 trahentisr

134 2709 381 2799 quapropter
396 2677 570 2768 soliditas
579 2681 681 2766 clavi
696 2680 1285 2798 inflexionemrespuentis,·aut
1299 2689 1383 2794 ejus
1396 2691 1512 2778 firma

134 2798 415 2884 cohaesroeutn
426 2803 576 2912 pariete
592 2823 663 2880 aut
673 2795 801 2908 ligno,
816 2803 883 2884 cui
898 2797 1129 2900 infixusest‚
1141 2805 1276 2888 vicem
1284 2799 1389 2891 subit
1398 2811 1508 2890 Pon-

133 2915 241 2998 deris
258 2941 337 3026 ope
354 2911 627 2998 trochlearum
646 2914 841 3000 movendi
861 2943 958 3000 cum
972 2911 1095 3000 alteri
1108 2915 1291 3002 trochlei
1309 2921 1485 3008 connexi
1495 2957 1508 3020 ς
1608 3003 1611 3010 .

133 3025 301 3114 Sarcina
321 3055 457 3114 antem
488 3057 540 3114 ex
559 3023 714 3142 reliqui
742 3027 926 3116 trochlet‘i
953 3031 1190 3144 dependens
1205 3060 1276 3119 aut
1296 3037 1510 3126 retinaculi

126 3171 280 3232 munus
296 3143 477 3243 obtinet,
494 3143 760 3246 stattollatur,
780 3174 850 3260 ⁰aut
864 3150 1060 3232 Potentia:
1073 3149 1183 3232 vices
1196 3143 1326 3248 subit,
1341 3151 1370 3236 fi
1385 3154 1508 3242 deor-

132 3259 220 3344 sum
237 3289 459 3360 moveatur.
773 3355 778 3367 ¹

191 3380 253 3460 Sit
277 3375 393 3462 clavo
420 3379 459 3462 A
486 3377 648 3464 adnexa
677 3377 844 3494 simplex
869 3381 1077 3470 Trochlea
1103 3383 1169 3478 B,
1197 3375 1364 3496 eitisque
1396 3383 1509 3472 sunit
1579 3471 1592 3482 „,

128 3491 342 3611 duslariur
364 3495 407 3577 -C
429 3495 472 3576 D
495 3494 525 3574 E
548 3529 558 3574 ε
580 3493 822 3580 adnectatur*
841 3499 887 3578 in
914 3495 1033 3584 Csa-
1581 3507 1585 3514 “

129 3637 230 3693 xum
248 3612 309 3708 P,
336 3619 379 3694 &
400 3605 423 3692 l
443 3605 632 3692 Potentia
660 3611 702 3696 G
730 3609 935 3696 elevatum
950 3609 1033 3702 sus-

184 3725 331 3812 ndatur
355 3722 525 3836 religato
547 3721 656 3810 funis
680 3723 813 3842 capite
832 3731 877 3810 in
900 3729 945 3811 E.
990 3733 1033 3814 Si

126 3751 265 3926 suerrum
294 3845 324 3928 P
352 3841 602 3956 accipiatur,
621 3869 821 3956 quatenus
837 3841 1033 3943 elevatur,

123 3951 256 4072 ipsum
273 3954 331 4042 est
346 3957 533 4052 Pondus,
562 3953 715 4044 Clavus
729 3963 767 4044 A
785 3947 846 4056 est,
861 3961 1032 4046 Retina-
1085 4017 1092 4032 -

39 4069 42 4074 ’
124 4071 294 4170 culum,
314 4082 358 4160 δι
386 4069 573 4158 Potentia
595 4071 654 4159 est
681 4073 752 4174 G,
779 4073 862 4160 srve
885 4073 956 4162 illa
983 4075 1042 4178 lit

1 4221 2 4226 ¹
125 4187 306 4272 inanima
330 4185 398 4274 sua
419 4193 572 4304 majore
597 4193 796 4300 gravitate
817 4197 1030 4278 'contrani-
1098 4239 1100 4246 v

1 4302 3 4332 '
124 4331 241 4416 tens,
266 4303 348 4390 sive
371 4303 419 4388 stt
437 4309 580 4390 vivens
609 4299 852 4436 suoimpetu
880 4303 1032 4396 sursum

1 4457 3 4501 ;
122 4417 289 4506 trahens
307 4481 319 4519 ,
338 4431 380 4508 &
397 4419 654 4536 postmodum
670 4401 883 4510 remtffiore
898 4427 1030 4540 impe-

1 4574 3 4587 ·
121 4563 195 4634 tu,
216 4547 258 4624 &
275 4565 493 4622 nervorum
512 4541 777 4626 contentione
790 4539 1032 4656 impediens,
1067 4587 1073 4606 ·

1 4662 3 4672 ’
121 4679 179 4738 ne
191 4647 542 4742 saxumeleuatum
553 4653 767 4758 relabatur.
789 4658 848 4746 At
864 4657 893 4746 sr
909 4655 1032 4781 ipsus
1068 4691 1143 4862 H‘·

1132 4807 1173 4866 ιι
1235 4813 1256 4892 3
