3932 5274
421 247 546 350 744
632 217 638 227 ’
906 201 1328 326 Merianicrrum

486 375 596 458 Corn
613 371 899 492 igiturdupiex
914 373 961 459 fit
972 379 1016 458 in
1027 401 1143 459 motu
1156 368 1524 459 submovendorurn
1537 373 1800 488 impedimen&

426 519 565 575 torum
590 517 720 602 genus
740 553 752 592 ‚
771 493 875 592 alia,
892 489 1121 590 videlicet,
1151 519 1242 606 quae
1272 489 1514 575 inchoatum
1539 518 1699 576 motum
1731 496 1799 579 ab·

428 634 662 726 rumpunt,
692 606 884 722 a-lit.quae
905 607 1104 696 obfistunt
1134 667 1146 706 ‚
1176 635 1229 692 ne
1249 605 1320 690 fiat
1340 633 1506 700 motusr
1537 605 1603 690 iila
1628 606 1801 697 tollenda

428 721 522 812 sunt
538 755 611 844 per
627 725 849 838 impeturn,
869 757 953 841 quo
974 751 1112 811 motus
1135 723 1436 808 continuandus
1448 716 1582 808 firiffet
1600 785 1612 821 ,
1633 723 1710 810 nifi
1726 724 1800 812 im·

425 839 711 962 pedimentum
730 837 990 937 occurriisetr
1012 841 1100 928 haec
1115 835 1218 926 verd
1241 836 1399 952 superat
1410 867 1500 956 pars
1520 839 1694 954 impetus
1715 873 1802 958 pro-

424 961 550 1050 duda
574 954 599 1044 i
620 955 804 1072 potentii
824 1019 835 1054 ,
858 989 947 1074 quae
975 953 1013 1041 se
1040 953 1190 1042 tardiits
1215 983 1378 1056 movet,
1401 959 1500 1071 quia
1514 959 1618 1040 vires
1640 957 1799 1061 dividit,

427 1101 583 1190 partem
600 1065 773 1188 impetis
793 1071 866 1157 fibi
889 1071 1089 1160 reservans
1113 1133 1125 1172 ,
1154 1099 1309 1188 partem
1331 1077 1565 1186 impertiens
1583 1069 1800 1178 obstaculo,

426 1193 541 1310 quod
558 1215 739 1277 removet
753 1187 1000 1306 impellendo
1011 1217 1082 1276 aut
1097 1189 1319 1274 trahendo'
1348 1199 1488 1312 Qare
1503 1187 1559 1270 nii
1576 1187 1727 1276 mirum
1746 1256 1756 1292 ,
1775 1194 1801 1278 fi

426 1311 628 1422 impetus,
650 1303 723 1420 qui
742 1310 941 1419 periturus
959 1301 1057 1394 effet
1074 1310 1118 1391 in
1136 1303 1419 1422 percutiente,
1436 1304 1550 1411 cujus
1572 1333 1708 1390 motus
1724 1313 1800 1396 im-

428 1427 622 1534 peditur,
652 1416 823 1505 transeat
839 1422 1064 1510 in'obicem
1093 1415 1324 1538 percuss'um'
1345 1483 1356 1520 ‚
1380 1450 1504 1538 quem
1526 1419 1821 1512 submovendo.

425 1537 565 1628 iocum
580 1534 773 1652 relinquit
789 1533 971 1624 ulteriori
986 1544 1145 1638 motui,
1166 1535 1194 1624 st
1212 1533 1437 1624 factitasse
1451 1540 1641 1625 movendi
1655 1536 1797 1656 suppe-

423 1681 485 1744 tat
502 1658 660 1775 corpori
686 1657 944 1770 percutienti.

520 2013 533 2024 ⁸
809 2089 1432 2209 orrorxut.
1614 2115 1624 2133 ·

779 2403 942 2514 Cunei
973 2391 1087 2552 usus
1115 2423 1449 2550 promovetur.

529 2695 668 2814 Equis
687 2695 795 2790 forti,
814 2703 1008 2790 Cuneum
1020 2689 1108 2784 solis
1132 2693 1289 2782 rusticis
1307 2695 1359 2781 ad
1384 2693 1580 2786 findenda.
1588 2695 1699 2816 ligna
1709 2700 1795 2794 usui

394 2911 397 2920 Ι
422 2701 608 2924 Nede
632 2815 704 2908 srbi
727 2818 962 2934 persuadeat
991 2876 1003 2914 ,
1041 2813 1174 2900 fontes
1192 2810 1350 2930 aliquos
1379 2815 1561 2899 indicare
1591 2817 1723 2933 placet
1748 2853 1796 2910 ex

423 2931 575 3050 quibus
593 2964 679 3022 non
695 2933 795 3020 levis
817 2933 967 3020 utilitas
986 2931 1219 3028 derivatur„
1252 2929 1318 3013 Ad
1337 2929 1626 3019 Machinarum
1649 2933 1796 3024 scilicet

425 3049 837 3169 Rationem'pertinet
852 3045 1091 3163 ph'sfinrimt
1108 3073 1242 3132 motus
1259 3044 1465 3159 corporis,
1487 3047 1603 3160 cujus
1616 3052 1794 3140 resrsten-

425 3169 482 3250 tia
504 3161 742 3284 superatur,
774 3167 857 3256 srvi
884 3164 951 3252 iila
967 3165 1135 3250 demum
1155 3192 1206 3250 ex
1224 3167 1420 3274 gravitate
1436 3167 1618 3264 oriatur,
1638 3168 1722 3255 five
1747 3201 1794 3256 ex

426 3307 561 3382 nexu,
580 3313 663 3400 quo
677 3283 892 3399 colligatur
913 3309 1007 3367 curn
1028 3281 1214 3394 proximo
1237 3305 1404 3392 corpore
1419 3313 1431 3374 ς
1448 3280 1490 3363 id
1510 3282 1622 3394 quod
1641 3287 1689 3367 iis
1701 3313 1797 3372 con·

425 3395 576 3511 tingit,
602 3431 692 3518 quae
721 3407 765 3490 in
792 3427 937 3518 corpus
966 3423 1098 3485 unum
1121 3389 1385 3498 coalescunt,
1422 3405 1464 3486 δι
1492 3395 1642 3484 fiffione
1666 3398 1792 3513 sejun-

421 3541 590 3632 guntur.

790 3663 1314 3822 Puorosttto
1395 3696 1430 3806 1.

682 3945 685 3953 ’
739 3955 898 4068 Venis
928 3959 1064 4069 vires
1098 3929 1492 4108 Crinenaugere.

146 4268 150 4276 -
306 4218 309 4230 '
398 4183 735 4438 'COntingit
775 4207 998 4332 aliquando
1042 4215 1265 4330 potentiam
1311 4195 1573 4302 incomrirodi
1609 4213 1792 4334 applicari

540 4326 689 4433 tedii,
733 4363 779 4420 ut
817 4361 911 4423 curn
954 4330 1175 4416 hominem.
1200 4317 1321 4416 valde'
1357 4357 1513 4418 curvari
1545 4361 1712 4450 ¹oportet
1745 4332 1790 4416 ad

423 4456 581 4558 vestem
608 4445 773 4536 secundi
833 4447 967 4536 enoris
992 4445 1080 4534 feri
1107 4451 1150 4532 in
1175 4445 1257 4531 solo
1278 4445 1482 4556 jacentem
1508 4449 1789 4540 attollendumt

418 4565 520 4653 tun'c
554 4561 772 4652 subsidium
805 4479 833 4650 i
870 4571 1020 4653 Cuneo
1053 4594 1136 4647 non
1172 4559 1404 4674 incongruo
1429 4565 1512 4680 p'eti
1545 4567 1687 4682 potest.
1736 4567 1791 4648 Sit

417 4685 557 4776 Vestis
583 4685 667 4767 AB
693 4676 890 4791 subjestus
910 4679 1065 4772 foribus
1085 4680 1186 4768 DC
1215 4675 1293 4772 suis
1318 4677 1343 4768 ὲ
1371 4683 1603 4772 cardinibus
1623 4681 1791 4886 avelideln·

1761 4827 1788 4898 ⁵2
