3918 5262
501 209 867 366 Liberprimur.
898 213 1114 327 crrur
1138 215 1237 327 Xl.
1352 338 1357 346 ,
1486 230 1560 362 65

184 369 343 462 ficiunt
358 373 478 460 tibiae
491 381 592 460 cum
607 371 736 467 coxit
757 367 855 458 idel
872 370 944 457 ubi
963 392 1119 457 ramum
1136 375 1399 489 arripuerint,
1418 368 1548 464 snbsul

184 519 316 574 rantes
338 486 378 574 se
393 489 567 588 librant,
583 519 819 604 ratmtnrque
832 488 940 574 arde
957 491 1228 602 apprehcntes
1243 490 1488 604 prohibent,
1514 525 1567 579 ne
1666 485 1669 492 ¹

186 609 405 718 repentino
419 603 511 688 casu
524 599 890 715 circumagunturd
905 633 1047 688 centro
1067 609 1276 718 gravitatis
1291 607 1474 690 nondum
1491 612 1568 693 im-

184 725 370 804 minente
387 717 467 803 bafi
486 717 796 804 stt-stentationis.

246 833 405 920 Verum
424 839 618 950 quoniam
641 819 692 918 ad
712 864 807 918 aves
821 831 1006 948 delapsus
1022 830 1106 917 sum
1123 895 1134 932 ‚
1153 836 1454 949 praetereundus
1480 867 1567 922 non

186 948 244 1034 est
262 942 357 1034 ufirs
381 955 513 1034 centri
538 953 744 1062 gravitatis
763 949 948 1035 involatu
967 983 981 1044 5
1007 954 1102 1064 quia
1125 951 1343 1036 enim-avis
1370 951 1469 1034 dum
1492 953 1567 1036 alis

187 1077 321 1148 adrem
339 1065 555 1150 verberans
569 1068 619 1148 in
632 1063 773 1148 volatu
795 1063 833 1148 se
849 1063 969 1148 librat
994 1091 1116 1178 atque
1142 1061 1373 1179 suspendit,
1406 1071 1463 1150 ita
1485 1065 1567 1152 alat

185 1178 311 1264 debet
338 1181 598 1278 extendere,
629 1208 676 1262 ut
702 1206 893 1264 centrum
928 1183 1134 1290 gravitatis
1161 1181 1316 1289 existat·
1333 1184 1440 1264 intra
1466 1180 1568 1267 illud

186 1293 339 1378 alarum
364 1291 564 1409 spatium,
587 1300 634 1378 in
658 1326 743 1410 quo
770 1321 984 1378 exercetur
1009 1290 1277 1387 sustentati03
1307 1293 1403 1380 ideb
1431 1299 1460 1380 sr
1491 1329 1568 1381 vo«

186 1405 305 1491 luerit
331 1411 383 1494 ad
405 1405 606 1524 superiora
631 1409 810 1494 volatum
830 1410 1008 1521 dirigere
1034 1468 1045 1505 ,
1073 1409 1157 1491 alas
1179 1411 1223 1490 in
1248 1415 1449 1494 anteriora
1471 1443 1565 1496 ver·

189 1520 250 1608 sus
272 1551 395 1637 caput
419 1526 631 1623 extendit,
657 1553 703 1608 ut
730 1551 871 1608 centro
894 1528 1100 1635 gravitatis
1121 1527 1166 1606 in
1191 1523 1477 1637 posterioribus
1501 1557 1567 1612 re·

188 1637 312 1735 nuo,
339 1669 385 1722 ac
406 1637 595 1724 deorsum
618 1641 986 1754 praeponderante,
1019 1665 1141 1752 caput
1173 1637 1323 1722 sursum
1341 1641 1562 1752 dirigatur:

189 1783 331 1836 contra
355 1749 485 1852 verb,
512 1783 560 1856 ut
586 1785 743 1838 motum
762 1750 950 1840 deorsum
974 1755 1156 1864 dirigar,
1183 1752 1265 1836 alas
1296 1756 1492 1854 retrahit,
1519 1783 1566 1840 ut

189 1897 312 1982 caput
339 1871 655 1982 praeponderet,
685 1901 733 1954 ac
762 1867 949 1954 deorsum
973 1869 1135 1954 seratur·
1180 1871 1296 1952 Hinc
1322 1867 1411 1952 satis
1438 1899 1565 1984 patet,

187 2015 261 2066 cur
285 1982 358 2068 ubi
385 1989 495 2066 Pavo
523 1985 659 2068 cauda:
683 2013 873 2100 pompam
890 1983 1158 2098 explicuerit,
1181 1987 1315 2068 ettilo
1339 1989 1501 2098 pedore
1519 1996 1562 2072 δε

186 2102 320 2212 capite
345 2098 501 2182 insrstat
529 2097 731 2212 pedibus,
760 2100 908 2215 quibus
931 2104 1140 2184 immincat
1167 2127 1352 2182 centrum
1382 2106 1561 2212 gravita·
1642 2151 1645 2157 -

187 2219 235 2296 tis
264 2249 273 2294 ε
310 2241 353 2296 at
379 2213 407 2296 st
431 2239 554 2330 eaput
585 2215 864 2298 advanteriora
888 2213 1085 2297 inclinare
1112 2214 1318 2310 noluerit,
1352 2225 1394 2301 &
1425 2221 1566 2328 petius

187 2326 427 2428 inuenere,
452 2333 615 2443 cogitur
636 2328 879 2442 explicatam
896 2332 1072 2414 caudam
1087 2330 1327 2428 demittere,
1354 2358 1401 2413 ut
1420 2331 1567 2444 syrma·

188 2469 228 2528 te
248 2442 319 2528 illo
338 2441 618 2558 aequilibrium
633 2441 779 2530 statuat
799 2449 985 2558 corpori,
1010 2474 1062 2528 ne
1083 2473 1274 2558 proruat,
1299 2471 1345 2526 ut
1360 2447 1458 2532 vore
1475 2475 1566 2562 pro·

188 2557 424 2656 tumberet,
455 2555 673 2675 lipestore
693 2557 891 2644 inclinato
904 2558 1077 2676 expansa
1097 2559 1228 2646 cauda
1253 2567 1493 2646 retineretur
1520 2568 1568 2650 in

186 2675 386 2787 positione
412 2673 568 2759 eddom.

243 2783 570 2874 lnfihittnnelset
585 2790 762 2903 singulos
773 2787 1011 2876 animalium
1025 2815 1158 2871 motus
1173 2783 1386 2904 persequi,
1408 2795 1453 2873 in
1473 2797 1569 2908 qui-

189 2903 262 2990 bus
280 2907 412 2988 centri
438 2911 642 2989 oravrtatis
665 2912 766 2990 ratio
786 2906 959 2990 habetur
970 2940 981 3000 3
1005 2903 1093 2989 satis
1110 2903 1232 2988 fuerit
1256 2899 1476 3002 observasse
1492 2937 1566 2992 nos

189 3050 238 3106 ex
254 3021 408 3105 declivi
432 2973 526 3104 sbco
547 3018 838 3106 descendentes¹
862 3049 945 3120 non
967 3019 1145 3104 infistere
1170 3015 1316 3130 plantis
1335 3021 1487 3133 pedum
1512 3023 1565 3108 ad

189 3133 359 3246 angulos
377 3137 532 3229 redoss
558 3131 625 3220 sed
645 3136 857 3252 paululum
871 3141 915 3218 in
938 3133 1155 3250 posteriora
1178 3132 1363 3217 inclinari
1387 3169 1400 3228 ι
1424 3167 1565 3222 contra

191 3245 289 3336 verb
306 3247 569 3334 ascendentes
581 3255 731 3364 jugum
745 3251 900 3336 acclive
920 3253 1077 3339 ,curvari
1096 3253 1137 3331 in
1152 3253 1374 3350 anteriora'a
1386 3278 1433 3332 ut
1445 3255 1566 3334 nimi·

189 3365 399 3449 rumlinert
413 3367 774 3464 direclioniscadat
790 3361 895 3449 intri
907 3362 1099 3480 spatium,
1114 3367 1181 3444 cui
1206 3365 1340 3475 pedet
1351 3365 1563 3474 infistuntr

188 3509 301 3565 extra
316 3482 429 3594 quod
450 3477 515 3562 illa
528 3480 554 3562 sr
568 3481 749 3579 caderet,
773 3511 849 3565 nec
866 3481 980 3565 alteri
994 3477 1125 3564 fulcro
1146 3482 1436 3579 inniteremur,
1452 3485 1564 3595 quod

190 3593 271 3680 uni
286 3623 386 3678 cum
409 3595 581 3708 pedibus
600 3594 828 3680 includeret
852 3597 978 3681 bafim
1005 3592 1322 3691 sustentationis,
1342 3595 1562 3682 necessat-ib

190 3709 306 3796 nobis
323 3709 555 3794 cadendum
567 3701 678 3794 esset.
713 3707 891 3828 desr
912 3715 1002 3824 quis
1013 3739 1115 3792 onus
1132 3705 1285 3790 habens
1303 3708 1421 3794 dorso
1437 3717 1564 3826 impo-

189 3827 307 3910 stum
318 3829 363 3907 in
371 3823 557 3908 montosal
573 3831 740 3937 regione
757 3818 1159 3922 iter-habeat,multb
1171 3827 1298 3934 magis
1314 3835 1469 3908 curvari
1485 3831 1565 3910 ἀει

190 3940 283 4038 bet,
306 3969 403 4023 curu
422 3937 626 4036 ascendit,
651 3969 698 4022 ut
725 3939 898 4052 pedibus
915 3944 1123 4024 immineat
1149 3965 1335 4021 centrum
1359 3943 1566 4050 gravitatis

188 4055 419 4169 composita:
436 4083 487 4137 ex
503 4083 693 4170 corpore,
713 4066 755 4139 &
774 4085 825 4137 ex
835 4063 958 4140 onere
969 4093 980 4138 ε
993 4083 1115 4168 quare
1134 4049 1408 4167 bpi'tntiffimi:
1424 4055 1560 4143 rustici

188 4171 314 4284 aliqui
324 4173 373 4256 in
388 4166 585 4284 Alpibus,
633 4199 694 4252 uae
707 4171 971 4263 Germaniam
984 4171 1035 4257 ab
1054 4171 1163 4256 Italii
1182 4167 1482 4266 disterminant,
1498 4204 1564 4258 ar·

190 4286 322 4370 culam
332 4313 385 4370 ex
396 4283 555 4378 levibus
566 4199 769 4370 alserculis
783 4345 795 4382 ,
808 4295 847 4370 bt
859 4285 1027 4397 virgulis
1042 4292 1292 4398 comparium
1304 4283 1455 4371 habent
1467 4349 1483 4386 ,
1493 4296 1567 4376 cui.

189 4425 309 4486 onera
324 4401 577 4498 immittunt,
591 4399 691 4484 bafis
714 4427 854 4486 autem
874 4401 1043 4502 arculae,
1072 4431 1163 4516 quae
1185 4397 1377 4512 gestantis·
1402 4412 1569 4518 corpori

189 4517 393 4617 rdhaeret,
419 4517 598 4608 imitatur
614 4513 719 4600 Rest
737 4515 1016 4614 Hebraicnm,
1035 4521 1092 4599 ita
1113 4545 1159 4602 ut
1173 4545 1260 4629 pars
1285 4519 1453 4627 quidem
1468 4521 1562 4603 dor·
1595 4533 1598 4540 '

112 4629 115 4633 ’
146 4743 150 4750 Ι
188 4627 246 4732 lo,
259 4661 353 4747 pars
372 4633 648 4746 autem-caprei
663 4629 895 4742 incumbat:
909 4633 1018 4719 unde
1033 4631 1101 4730 fit,
1121 4661 1167 4726 ut
1179 4657 1364 4750 centrum
1382 4637 1558 4752 gnarita-
