3766 5270
377 179 769 338 Liberquartrar.
803 183 1017 298 CAPuT
1039 189 1250 303 XVII.
1389 233 1497 338 475

128 361 182 444 ira
199 379 247 436 ut
262 347 389 468 polito
401 346 586 462 longiore
607 344 720 429 veste
734 341 919 463 potentia
936 338 1093 430 servans
1107 345 1280 440 eande'rn
1297 349 1353 438 sui
1368 355 1503 443 mortis

131 465 386 558 velocitatem
410 457 567 550 facililrs
592 457 759 576 quidem
781 487 944 545 moveat
958 459 1206 578 propositum
1231 472 1415 584 pondus,
1436 467 1511 562 sed.

129 587 279 672 tardius
294 579 418 699 qulm
442 573 628 666 breviore
644 577 782 673 vecte,
801 573 929 690 posrtl
941 575 1083 664 eidem
1099 583 1288 696 ponderis
1302 584 1354 670 ab
1368 585 1503 701 hypo-

130 701 310 790 mochlio
325 687 512 784 distantii
530 731 539 779 :
559 697 623 778 Ac
637 719 861 808 propterea,
880 694 908 778 sr
927 693 969 778 in
984 697 1066 780 hoc
1082 701 1194 782 navis
1211 729 1339 798 motu,
1353 701 1404 787 de
1421 701 1512 818 quo'

132 813 391 935 quastioest,
409 809 677 895 intercederet
689 810 791 892 ratio
807 815 929 894 vedis
944 871 956 908 ,
974 812 1081 895 idem
1097 841 1242 898 ventus
1257 819 1400 902 eadem
1415 817 1521 906 vela'

132 933 247 1020 altius
262 930 412 1042 sublata
426 923 599 1042 implens
615 923 761 1010 eidem
773 921 945 1040 quidem
955 925 1169 1026 velocitate
1181 961 1426 1032 moveretur,
1435 930 1505 1024 sed

133 1049 281 1136 tardiiar
302 1052 439 1132 navim
458 1051 669 1139 moveret,
695 1069 943 1158 quamquam
969 1039 1158 1142 facilius,
1177 1047 1259 1134 hoc
1287 1047 1347 1134 est
1373 1049 1504 1162 magis

131 1151 325 1250 onustam.
356 1162 417 1246 'Id
433 1186 570 1247 autem
583 1153 607 1240 d
619 1155 949 1270 vetulongillimd
960 1153 1092 1243 abella
1108 1159 1274 1248 testatur
1286 1169 1502 1280 experien-

133 1288 186 1365 tia
203 1316 214 1374 ς
233 1313 323 1397 quae
341 1275 493 1365 idcirco
507 1271 722 1360 confirmat
746 1279 897 1390 navigij
919 1276 1030 1362 rnalo
1048 1273 1153 1360 nihil
1176 1273 1255 1364 elil:
1277 1309 1374 1366 cum
1387 1283 1504 1372 vecte

34 1429 44 1457 ,
133 1401 360 1512 commercij
379 1395 430 1482 ad
446 1393 583 1479 navim
597 1393 928 1506 promovendam.
1141 1391 1147 1408 '

493 1829 860 1944 CAPUT
939 1835 1202 1946 xv11.·

193 2146 287 2252 Ara
310 2181 372 2248 ex
390 2137 555 2248 vellis
571 2125 840 2247 rationibus
852 2129 1072 2287 pendeat
1094 2126 1210 2282 ufirs
1226 2127 1453 2248 anchora.

245 2435 558 2554 Uandoquidem
575 2434 759 2520 nauticas
771 2427 927 2548 aliquot
944 2429 1183 2548 quaestiones
1198 2465 1294 2524 cum
1304 2439 1506 2528 Aristote-

246 2555 286 2640 le
299 2533 567 2670 superioribu's
578 2547 776 2666 capitibus
787 2547 1017 2634 examinare
1031 2547 1197 2665 placuit,
1210 2551 1331 2641 liceat
1343 2567 1385 2644 ὅ(
1397 2558 1507 2646 hanc

139 2675 304 2770 addere,
327 2700 416 2786 quae
433 2672 485 2758 ad
500 2667 614 2755 usum
631 2665 820 2751 anchorae
837 2659 985 2781 spellat
997 2661 1042 2750 in
1059 2665 1255 2758 firmanda
1272 2678 1392 2772 navi,
1414 2675 1510 2764 ned

141 2783 467 2886 fludibus,aurai
485 2813 609 2872 vento
618 2779 860 2898 abripiatur:
879 2779 1097 2900 tranquillo
1109 2787 1220 2870 enim
1236 2792 1337 2874 mari
1349 2852 1361 2889 ,
1374 2803 1508 2882 aut-in
1575 2779 1577 2794 ί

141 2903 224 2989 lacu
238 2899 486 3023 quiescente,
498 2899 565 2986 sua
577 2899 716 3017 sponte
729 2895 899 2983 subfistit
911 2903 1038 2998 navis,
1054 2929 1130 2984 nec
1142 2901 1331 2988 anchorae
1347 2935 1426 3022 ope
1442 2916 1509 2994 in.

140 3017 268 3134 diget,
281 3046 328 3104 ut
341 3019 407 3103 sua
421 3025 464 3102 in
474 3016 643 3103 statione
655 3041 900 3132 permaneat.
944 3016 1172 3132 thuidem
1188 3015 1269 3134 ipsa
1283 3023 1396 3106 navis
1412 3053 1507 3140 gra-¹

139 3139 232 3222 vitas
248 3165 348 3222 cum
364 3131 442 3218 suis
458 3133 754 3232 instrumentis,
773 3139 814 3217 δι
826 3131 929 3214 on'us
943 3133 1054 3248 quod
1063 3127 1132 3217 illa
1143 3133 1246 3220 ferre
1292 3138 1396 3226 otest
1407 3150 1420 3239 (
1432 3158 1510 3230 cit-t

138 3251 197 3364 jus
212 3255 386 3366 gravitas
412 3277 544 3364 aequat
568 3251 720 3365 navigij
740 3251 1006 3360 gravitatem)
1038 3245 1128 3332 satis
1151 3279 1222 3365 per
1249 3161 1291 3338 lp

142 3397 213 3452 nec
227 3363 354 3456 fac'ild
370 3365 541 3452 cuilibet
558 3393 663 3450 aurae
683 3393 754 3450 aut
769 3363 909 3454 flustui
924 3365 1089 3449 cedunt.
1131 3369 1271 3486 Qare
1287 3373 1509 3481 majorell'e

138 3483 453 3569 debet‘visventi
467 3543 478 3580 ,
491 3509 561 3566 aut
576 3479 774 3567 llut‘luum
786 3507 876 3580 ‚aut
891 3478 1150 3596 profluentis,
1163 3479 1286 3596 qualm
1304 3516 1349 3573 ut
1364 3489 1421 3575 illi
1436 3492 1509 3580 ob-

141 3597 267 3688 sistere
283 3595 415 3686 valeat
431 3593 660 3682 universum
680 3599 831 3710 navigij
851 3597 1033 3712 pondus,
1047 3597 1192 3704 adhoc
1208 3601 1510 3721 urfitopusan·
1597 3643 1600 3652 ·

141 3713 284 3816 ahord,
299 3744 380 3831 qua
393 3713 604 3826 navigium
620 3713 813 3798 firmetur.

191 3836 240 3918 In
252 3824 578 3916 anchordautem
591 3825 802 3944 spedanda
816 3828 877 3916 est
893 3837 935 3916 δι
953 3825 1151 3944 gravitas,
1169 3839 1211 3920 δι
1227 3832 1378 3950 figurat
1394 3833 1507 3926 uria.
1633 3869 1638 3877 ·

168 3979 217 4033 ue
234 3951 348 4033 enim
364 3950 480 4064 juvat
499 3983 511 4030 t
537 3943 757 4065 aliquando
773 3945 980 4062 fiquidem
997 3944 1123 4034 solum
1139 3952 1328 4054 anchorae
1349 3957 1509 4069 pondus

140 3975 281 4151 llufficit
291 4125 303 4166 ,
323 4094 376 4148 ne
392 4060 630 4178 placidiores
646 4059 794 4148 liutius
804 4121 817 4162 ,
833 4091 903 4146 aut
916 4059 1097 4160 fluminis
1114 4071 1288 4180 impetus
1301 4127 1312 4166 ‚
1325 4098 1395 4154 aut
1406 4069 1508 4162 leuis

142 4179 256 4266 flatus
275 4185 411 4266 navim
441 4179 578 4267 secum
606 4185 773 4296 rapiant.
819 4183 885 4264 Sic
899 4175 1038 4291 legille
1054 4211 1122 4268 me
1139 4181 1308 4266 memini
1330 4173 1467 4275 navim
1486 4189 1511 4278 al

139 4298 346 4409 naufragio
378 4297 569 4382 anchoris
606 4293 796 4385 omnibus
833 4295 1067 4384 destitutam
1104 4301 1149 4385 in
1186 4297 1356 4388 statione
1380 4333 1508 4396 totam
1577 4343 1580 4350 ’
1618 4369 1620 4376 ·

55 4463 57 4467 ,
142 4417 300 4496 nollem
313 4407 505 4530 quieville
522 4409 699 4500 securam
716 4413 912 4498 firmatam
929 4412 1110 4514 sacculo,
1127 4443 1212 4530 quo
1226 4417 1336 4504 mille
1352 4447 1511 4512 trecen-

1267 3255 1507 3362 eresrstunt,
1638 3249 1646 3274 ”

142 4531 170 4608 ti
186 4528 356 4642 Hispani
369 4533 583 4644 Crucigeri
605 4530 879 4628 (ououeales
898 4529 1510 4644 smgulisCrucigensrribuun-
1549 4541 1551 4548 ’
1640 4559 1643 4572 ’

142 4649 226 4746 tur)
244 4645 580 4751 continebantur,
596 4646 777 4738 rudentis
788 4677 925 4758 antero
941 4678 1113 4851 munuz)
1104 4645 1310 4763 supplebat
1324 4655 1487 4756 evolutu
1494 4690 1515 4772 ³,

1125 4796 1186 4848 oo
1233 4803 1253 4852 2

1381 5081 1413 5152 Ι
