3918 5262
496 200 864 359 Liberpm'mm.
931 206 1143 320 CAPUT
1184 208 1287 328 IX.
1494 247 1578 356 ”57

175 367 330 451 ..vitatis
347 363 678 480 perpendiculari
697 360 1048 450 linealdircdiionis
1068 369 1166 464 SX,
1178 397 1232 451 ex
1246 370 1348 455 datis
1362 366 1486 457 latere
1507 377 1583 459 SR

193 483 285 594 ped.
304 512 373 586 59.
387 511 414 586 7
427 481 475 580 2‘',
496 491 544 571 ,δι
555 481 708 594 angulo
730 484 869 567 VRX
885 509 942 592 gr.
963 491 1041 580 86,
1061 515 1082 586 v3
1098 467 1137 590 5',
1150 481 1234 590 43‘',
1254 484 1469 570 innotescit
1487 492 1526 574 R
1541 493 1583 577 X

194 599 290 710 ped.
310 629 346 703 3.
364 595 447 705 54‘2
482 602 620 714 Quare
649 599 740 682 RX
762 602 890 708 major
906 596 966 680 est
980 595 1103 712 quim
1123 601 1235 681 RB:
1265 611 1307 686 ὅ(
1327 601 1353 682 sr
1370 608 1498 714 paries
1515 605 1584 690 ille

197 711 396 794 solitarius
411 706 536 810 esset,
557 741 641 796 non
666 717 808 826 utique
838 711 1071 796 consisteret
1097 747 1108 806 3
1136 712 1412 828 sedquoniam
1435 717 1582 834 reliqui

194 853 279 930 tres
301 830 476 941 parietes
487 831 630 941 adjedli
647 823 761 924 sunt,
780 827 935 910 constat
950 832 1005 910 ita
1018 833 1140 912 totius
1154 829 1270 913 molis
1286 859 1473 914 centrum
1488 863 1581 946 gra·
1645 921 1648 926 ,

192 945 332 1026 uitatis
347 938 428 1026 elle
443 948 640 1026 inintima
654 947 774 1026 turris
791 971 924 1056 parte,
943 973 989 1028 ut
1005 943 1113 1028 linea
1126 947 1357 1030 direstiouis
1372 949 1490 1034 cadat
1512 955 1579 1034 in-

198 1057 256 1139 tri
276 1064 398 1140 turris
416 1057 540 1150 bafim
552 1055 850 1144 sustentantem.
1382 1157 1390 1166 ¹

254 1177 316 1256 Ex
330 1174 395 1256 his
408 1169 596 1258 discuties
609 1178 795 1278 timorem
818 1203 959 1258 eorum
973 1236 985 1271 ,
1001 1180 1072 1289 qui
1089 1171 1231 1259 soliciti
1255 1173 1346 1260 sunt
1362 1177 1413 1262 de
1430 1175 1577 1264 obelis-

179 1296 341 1370 'corum
368 1287 662 1386 consistentis,
703 1319 753 1374 ex
777 1289 1040 1374 inclinatione
1066 1290 1202 1406 aliqud
1235 1297 1395 1378 verticis
1420 1300 1580 1380 ruinam
1692 1350 1696 1360 ·

200 1409 423 1518 proximam
439 1401 736 1518 praesagientes:
750 1435 845 1488 cum
864 1409 975 1488 enim
990 1409 1031 1488 in
1044 1403 1275 1516 hujusmodi
1290 1407 1465 1492 molibus
1475 1440 1593 1494 cen-.

178 1534 182 1540 “
201 1549 307 1601 trum
326 1524 531 1628 gravitatis
548 1523 720 1619 vicinius
736 1521 781 1602 srt
794 1520 872 1606 basr
887 1517 1010 1634 quim
1023 1526 1187 1619 vertici,
1206 1523 1233 1604 fi
1254 1549 1439 1607 centrum
1455 1526 1597 1610 incli-.

197 1662 317 1717 netur
341 1637 385 1716 in
399 1633 632 1718 alterutram
652 1664 806 1748 partem
821 1633 948 1750 spatio.
963 1635 1121 1720 rantum
1137 1637 1322 1748 digitali,
1350 1666 1486 1724 vertex
1509 1645 1576 1728 in-

199 1751 356 1861 signem
365 1754 551 1866 acquiret
562 1750 891 1847 inclinationem,
907 1751 1093 1834 consistet
1106 1777 1256 1850 tamen,
1272 1753 1453 1868 quandiu
1466 1754 1576 1840 linea

195 1867 429 1950 dirediionis
448 1865 628 1950 transibit
647 1893 720 1980 per
734 1865 858 1948 bafim
872 1863 1179 1950 sustentationis.
1225 1866 1440 1952 Inclinatio
1464 1876 1575 1954 enim

198 1979 363 2063 nonest
384 1977 410 2062 s
428 1985 556 2064 atium
579 1979 704 2078 illud,
729 1981 840 2096 quod
859 1983 1124 2081 interbasrnr,
1143 1983 1533 2098 &perpendiculum
1551 1981 1576 2069 al

196 2099 316 2178 turris
329 2157 341 2192 ,
353 2009 589 2182 velobelisci
611 2100 761 2179 vertice
775 2091 985 2180 demissum
999 2101 1254 2211 intercipitur
1270 2107 1281 2194 (
1297 2103 1480 2210 quamvis
1493 2099 1575 2185 hoc

196 2210 399 2297 uocabulo
428 2212 624 2296 hastcnus
644 2211 757 2320 abuti
783 2211 1003 2326 placuerit,
1022 2209 1110 2295 nei
1135 2212 1260 2323 vulgo
1280 2209 1544 2326 discreparem
1559 2219 1580 2320 ),

196 2325 262 2412 sed
277 2325 339 2409 est
352 2325 526 2436 angulus
539 2387 550 2422 ,
565 2356 686 2441 quem
705 2332 823 2408 turris
845 2326 944 2412 facit
968 2355 1062 2408 curn
1078 2327 1198 2442 plano
1209 2361 1221 2420 5
1241 2337 1281 2412 δι
1298 2354 1488 2413 manente
1510 2359 1577 2413 ea·

192 2444 292 2528 dom
303 2439 599 2538 inclinatione,
621 2439 879 2526 intervallum
895 2437 993 2525 illud
1012 2447 1157 2524 mutari
1172 2441 1304 2556 potest
1322 2471 1396 2556 pro
1410 2449 1575 2557 majore,

190 2585 265 2640 aut
278 2561 439 2640 minore
457 2555 856 2668 turrislongitudine.
882 2562 1021 2669 Qare
1033 2553 1117 2670 qub
1130 2557 1292 2668 longior
1302 2555 1362 2640 est
1374 2559 1577 2644 molesin-

191 2673 348 2757 clinata
362 2733 373 2767 ,
388 2676 542 2755 cacteris
564 2672 748 2785 paribus,
762 2670 896 2756 minias
916 2670 976 2754 est
989 2671 1242 2770 timendum,
1256 2677 1352 2786 quia
1365 2677 1500 2756 minor
1514 2673 1576 2758 est

192 2783 458 2872 declinatiorl
477 2785 799 2902 perpendiculari
820 2824 830 2868 ε
860 2787 1015 2890 sienim
1036 2789 1112 2868 ΚΕ
1134 2785 1182 2868 s1t
1199 2789 1349 2899 pedum
1368 2791 1522 2885 roo„K
1536 2791 1575 2872 C

190 2899 296 2987 verb
315 2899 628 3017 ped.1.angulus
648 2900 952 3016 KECaequalis
964 2901 1225 2986 declinationi
1242 2899 1573 3016 dperpendiculo

188 3019 254 3106 esi
278 3047 338 3130 gr.
355 3053 394 3104 0.
410 3023 480 3122 34⁴.
499 3016 574 3102 22''.
598 3046 639 3100 ar
658 3017 684 3097 si
706 3018 782 3098 ΚΕ
809 3018 859 3100 stt
883 3017 974 3129 ped.
990 3049 1042 3126 50
1059 3079 1070 3114 ,
1090 3027 1131 3102 ὅ(
1157 3015 1244 3099 Kc
1272 3027 1420 3102 iterrun
1434 3021 1569 3131 pedu.

187 3131 370 3246 angulus
392 3135 518 3218 KEC
540 3130 600 3216 est
614 3134 723 3243 grad.
739 3165 790 3216 11.
809 3127 960 3236 32'.13''.
1237 3212 1243 3224 ,

245 3249 342 3332 Hic
360 3275 497 3334 autem
512 3248 622 3361 quas
636 3253 866 3362 praeteriens
888 3245 1122 3332 satisfaciam
1144 3253 1364 3364 quaerenti,
1394 3277 1468 3332 cur
1481 3248 1571 3334 lon-

188 3363 472 3480 gioresbastas
491 3361 671 3460 facilius,
685 3359 811 3476 quim
825 3363 1027 3446 breviores
1040 3369 1171 3476 virgas
1186 3367 1305 3475 digiti
1317 3370 1571 3450 extremitate

188 3481 486 3574 sustineamus,
512 3482 613 3592 quin
635 3483 793 3562 cadant.
832 3483 943 3592 Opia
968 3482 1159 3564 nimirum
1182 3484 1381 3578 minimus¹
1396 3480 1569 3593 angulus

184 3595 478 3682 declinationis
498 3589 523 3676 ai
543 3591 835 3706 perpendiculo
850 3595 981 3678 statim
996 3590 1033 3676 se
1047 3597 1182 3706 prodit
1202 3593 1323 3679 hastae
1341 3601 1496 3690 yerticc
1516 3597 1570 3682 ad

188 3741 353 3829 partem
380 3739 503 3792 unam
527 3709 1007 3805 secedente,cui'statim
1020 3709 1401 3810 occurrimushastto
1414 3709 1568 3795 calcem

185 3859 317 3916 manu
329 3824 636 3922 transferentem
647 3854 693 3907 ac
708 3821 778 3908 sub
793 3828 945 3908 vortice
959 3821 1201 3917 collocantes
1216 3865 1226 3908 ε
1242 3825 1384 3934 veriam
1401 3829 1495 3940 quia
1507 3825 1568 3909 fa-

183 3947 307 4030 cilior
332 3937 458 4026 hastae
475 3937 729 4040 confistentia
749 3937 961 4022 innotescit
977 3945 1123 4038 etiam,
1142 3942 1307 4056 quando
1327 3936 1349 4024 d
1370 3937 1567 4054 supposui

178 4075 314 4144 'uranu
338 4055 430 4140 calx
450 4059 537 4168 ejus
551 4085 635 4140 non
656 4075 844 4138 movetur
864 4063 982 4156 {nam
997 4053 1024 4136 si
1039 4055 1253 4150 militarem
1271 4049 1437 4138 larissam
1453 4083 1564 4139 terrae

169 4245 174 4250 .
184 4169 579 4290 perpendiculariter
592 4169 839 4254 infistentem
852 4171 1121 4284 constitueris,
1132 4200 1245 4284 potes
1255 4197 1295 4252 te
1306 4169 1423 4276 semel
1436 4177 1478 4253 in
1492 4198 1567 4284 gy-

184 4321 273 4373 rum
290 4285 893 4400 comorquere,&illamquasr
912 4287 1285 4400 perpendicularem
1300 4287 1497 4399 recipere,
1522 4287 1563 4372 id
1607 4287 1608 4292 ‘

183 4407 298 4520 quod
320 4408 364 4484 in
390 4399 575 4486 breviore
596 4399 710 4486 hasta
731 4429 814 4484 non
838 4403 1040 4488 obtinebis
1054 4403 1164 4502 )·alia
1184 4399 1243 4484 est
1258 4406 1364 4500 ratio
1377 4403 1566 4514 ,petenda
1629 4469 1632 4476 .

183 4517 368 4634 prirnbm
379 4547 431 4600 ex
446 4517 587 4618 disiis,
605 4522 702 4630 quia
723 4514 876 4602 scilicet-
891 4519 1052 4629 longior
1063 4517 1199 4614 hasta,
1217 4521 1367 4598 cateris
1386 4516 1564 4630 paribus,

181 4635 319 4724 minias
336 4630 556 4726 declinati
574 4635 868 4752 perpendiculo
882 4697 892 4732 ,
906 4632 1085 4746 idedque
1104 4629 1308 4829 difficiflpits
1328 4629 1561 4734 descondits
1639 4733 1651 4750 .‚

703 4759 722 4819 )
862 4769 866 4774 .
