3708 5274
419 185 777 344 ariera-aius.
814 173 1038 310 eiius.-
1067 127 1225 312 viiss
1383 203 1485 343 n,

118 391 167 452 ac
183 355 524 476 proinde-pondus
539 353 666 461 habet
674 381 929 442 momentum
941 355 1091 462 majus,
1106 351 1273 474 qulmli
1290 355 1409 446 nullae
1428 367 1492 448 in.

119 471 605 564 oercedereninochlea:
628 497 769 556 contra
783 465 884 556 verb
899 469 1052 554 ficlavo
1063 474 1300 578 adnestatur
1313 477 1497 563 trochlea

120 591 281 690 minor,
298 618 431 676 motus
451 587 638 674 flexionis
648 585 752 672 clavi
768 589 896 698 major
908 583 969 671 est
981 613 1096 672 motu
1106 583 1321 674 descensils
1337 592 1509 702 pondes,

120 707 176 794 ris
191 712 237 792 in
249 706 427 799 Ratione
444 701 789 820 superparticulari
806 701 1107 807 denuntiantia
1128 733 1298 790 numero
1313 712 1506 794 omnium·

119 821 238 911 simul
257 819 557 930 orbiculorum
574 818 801 934 atqueideo
814 818 973 932 pondus
987 817 1178 906 adversus
1189 820 1350 904 clavum
1361 821 1507 914 minus·

117 937 246 1031 habet
259 941 479 1032 momenti,
498 930 622 1048 quim
640 933 736 1020 siex
759 931 828 1036 illo
843 931 1013 1046 simplici
1024 933 1125 1018 sune
1138 936 1347 1049 penderet.
1392 938 1494 1024 Atsi

118 1049 327 1167 utriusque
339 1049 675 1164 trochleae-parsit
687 1047 964 1137 orbiculatum
976 1075 1190 1149 numerus,
1211 1060 1254 1138 δι
1269 1049 1495 1167 paritersa-

118 1173 180 1252 tio
207 1163 611 1282 superparticularis,
642 1191 714 1248 aut
740 1159 1177 1276 subsuperparticularis
1194 1163 1497 1254 denominatas

116 1311 291 1370 numero
304 1285 488 1366 omnium
505 1277 620 1362 simul
635 1275 930 1370 orbiculornmi
942 1287 983 1363 ὅ(
999 1277 1028 1360 fi
1042 1281 1212 1394 quidem
1226 1281 1419 1368 trochlear
1432 1279 1497 1368 su-

115 1401 267 1516 periuri
277 1397 514 1486 adnectatur
525 1394 634 1482 funis
652 1419 798 1507 caput,
814 1385 973 1506 pondus
985 1393 1175 1480 adversus
1193 1394 1354 1482 ¹clavum
1371 1397 1499 1484 habet

115 1540 374 1604 momentum
390 1513 542 1618 majus,
563 1504 732 1624 quimsi
758 1511 902 1592 amotis
928 1508 1121 1594 trochleis
1138 1539 1189 1594 ex
1208 1509 1376 1625 simplici
1393 1513 1493 1600 fone

115 1627 341 1742 penderets
361 1625 568 1710 sinautem
580 1623 759 1710 inferiori
776 1620 966 1706 trochleae
978 1616 1166 1733 alligetur
1180 1631 1409 1711 extremitas
1423 1627 1495 1712 fu-

119 1748 188 1834 nis
213 1744 416 1854 dudlarij,
447 1740 636 1852 ponderis
668 1755 922 1820 momentum
958 1736 1149 1823 adversus
1175 1739 1336 1826 clavum
1360 1740 1504 1828 minus

118 1855 209 1956 est,
232 1854 356 1973 quim
373 1856 403 1944 si
421 1855 531 1943 idem
549 1851 710 1970 pondus
727 1879 780 1937 ex
805 1851 951 1937 eodeni
967 1851 1084 1938 clavo
1102 1853 1271 1970 simplici
1291 1855 1390 1944 fune
1411 1853 1494 1942 sus-

115 1973 379 2088 penderetur.
485 1991 487 1998 ’
788 2025 791 2036 .
829 2053 832 2062 .

178 2088 314 2177 Exhis
338 2085 426 2172 satis
437 2105 602 2201 apparet
616 2082 732 2172 clavo
746 2082 1015 2178 eandemvim
1030 2085 1166 2179 inferii
1179 2087 1233 2188 ,si
1305 2087 1411 2174 udus
1424 2086 1497 2174 de·

118 2203 306 2319 pendens
323 2231 376 2288 ex
396 2200 589 2288 trochleis
602 2197 831 2317 suspensum
840 2229 1024 2302 maneat,
1040 2201 1121 2289 sive
1135 2116 1305 2318 quiassio

119 2324 242 2402 initas
259 2317 453 2432 religetur
474 2315 646 2432 paxillo,
667 2317 747 2402 sive
761 2317 857 2432 quia
871 2347 923 2402 ex
945 2317 1088 2406 eidem
1108 2317 1216 2403 funis
1241 2323 1499 2404 extremitate

121 2433 357 2548 dependeat
382 2462 485 2517 onus
517 2429 802 2547 submultiplex
826 2433 1016 2550 ponderis
1034 2461 1085 2518 ex
1106 2433 1294 2518 inferiore
1313 2431 1499 2518 trochiea
1594 2443 1598 2449 '

117 2547 361 2664 pendentis,
383 2545 605 2634 secundum
617 2551 857 2646 Rationem,
875 2577 997 2662 quam
1017 2547 1199 2632 inferunt
1217 2547 1289 2662 ipsi
1308 2545 1497 2640 orbiculi.¹

121 2668 190 2748 Sic
201 2693 253 2748 ex
271 2660 462 2747 trochleis
478 2662 594 2747 binos
610 2659 813 2746 orbiculos
829 2662 1074 2748 habentibus
1085 2663 1313 2777 dependeat
1323 2664 1495 2780 pondus,

120 2788 168 2864 δι
185 2776 293 2862 funis
311 2782 542 2869 extremitas
559 2776 750 2891 religetur
774 2776 946 2894 paxillo:
960 2809 1012 2869 eii
1026 2781 1169 2876 diehis,
1186 2775 1395 2892 superioris
1410 2805 1504 2862 ιω·-Ι

35 2943 39 2952 ·
118 2889 250 2978 chleae
266 2892 585 2990 clavoadnexae,
605 2903 646 2978 δι
664 2891 773 2976 suuis
789 2895 956 3008 duciarij
974 2922 1095 3008 caput
1117 2891 1333 2990 habentis,
1349 2921 1498 2992 motus,

117 3008 345 3094 admotum
358 3005 558 3092 inferioris
571 3003 761 3093 trochleae
780 3015 822 3093 bt
836 3011 1026 3123 ponderis
1038 3005 1495 3124 estsubsesquiquartusi

118 3151 172 3208 ac
190 3123 360 3238 proinde
388 3123 547 3238 pondus
564 3114 755 3210 trochleis
771 3153 1004 3207 connexum
1027 3151 1122 3207 cuin
1137 3119 1253 3213 clavo
1271 3123 1322 3207 ad
1338 3128 1422 3206 vim
1439 3119 1498 3208 illi

119 3237 377 3324 inferendam
391 3239 562 3353 perinde
580 3235 781 3336 sehabet,
799 3266 922 3354 atque
940 3239 972 3342 si
986 3269 1037 3323 ex
1050 3238 1196 3322 eodem
1220 3236 1336 3322 clavo
1348 3237 1498 3353 absque

123 3351 317 3438 trochleis
338 3352 505 3468 simplici
525 3353 624 3438 sune
636 3354 932 3467 appenderetur
947 3355 1104 3468 pondus
1117 3351 1227 3438 aliud
1239 3353 1321 3437 dati
1339 3355 1495 3466 ponde-

124 3464 531 3582 tisSesquiquattum
551 3467 1252 3556 Atiiextremitatifunisadderetur
1314 3469 1498 3554 ndusva-

120 3581 209 3668 lens
224 3579 462 3690 suspendere
476 3610 579 3664 onus
587 3583 791 3668 adnexum
805 3579 1202 3678 trochleaeinferiori,
1215 3496 1312 3666 cubi
1319 3614 1371 3668 ex
1380 3585 1497 3668 diuis

122 3715 251 3811 capii.
266 3699 350 3794 dati
367 3693 869 3811 buerissubquadriiplum.
899 3697 1217 3812 Igitutduorum
1229 3697 1377 3784 horum
1390 3726 1496 3813 pon-2

120 3811 430 3902 derumsumma
445 3811 646 3897 addaturn
662 3811 819 3924 pondus
834 3809 932 3898 esset
946 3840 990 3896 ut
1008 3844 1029 3922 5
1048 3813 1159 3918 ad4,
1173 3811 1396 3927 cujusmodi
1411 3842 1497 3901 erat

91 4025 95 4036 Ι
122 3927 245 4026 Ratio
262 3954 449 4012 motuum
466 3985 478 4026 ,
498 3954 549 4010 cx
572 3925 992 4040 quibusinomen'tuin
1006 3923 1244 4017 desumitur.
1282 3931 1350 4012 An
1367 3929 1497 4018 nonsi

90 4064 95 4072 ·
123 4068 226 4141 onus
239 4042 284 4126 in
301 4041 423 4157 plano
444 4039 689 4128 horizontali
710 4043 955 4153 raptandum·
971 4041 1138 4157 simplici
1161 4041 1353 4138 trochleoe
1368 4043 1495 4130 adne-

124 4187 223 4246 xuni
238 4183 511 4274 proponatur,
528 4167 572 4242 dc
593 4159 678 4242 duo
702 4159 889 4243 homines
905 4161 1053 4272 paritet
1071 4157 1409 4270 utramquesunis
1424 4189 1503 4246 ex·-

121 4279 370 4356 trcmitatem
398 4271 615 4385 arripiant,
634 4297 757 4386 atque
778 4270 963 4368 trahant,
980 4272 1125 4381 singuli
1149 4274 1408 4376 medietatem
1422 4304 1497 4360 ne-

123 4381 274 4500 ceffarij
288 4381 456 4472 conatus
472 4385 693 4470 adhibenti
712 4380 853 4470 siverb
868 4385 970 4471 alter
983 4389 1232 4472 trahentium
1243 4389 1433 4487 deficiat,
1454 4399 1497 4477 bt

1 4543 3 4568 ι
121 4499 191 4586 illa
212 4500 319 4586 sonis
334 4499 565 4586 extremitas
578 4499 767 4612 alligetur
781 4499 957 4606 paxillo,
980 4531 1118 4588 nonne
1143 4509 1214 4618 qui
1241 4502 1418 4622 reliquus
1441 4505 1500 4594 est

1289 2207 1349 2288 nis
1362 2231 1497 2288 extre·
1633 2252 1637 2260 ,

1 4643 3 4664 ’
120 4617 272 4706 eodem
288 4643 441 4702 conatu
462 4617 625 4704 trahens
650 4613 754 4702 sulus
770 4617 949 4704 adducet
965 4619 1074 4705 iderti
1094 4621 1254 4734 pondus
1280 4647 1293 4708 ὲ
1321 4649 1405 4706 non
1426 4622 1499 4706 nili
1633 4717 1634 4720 p

1054 4739 1231 4828 KKkk
