<?xml version="1.0" encoding="UTF-8"?>
<!DOCTYPE html PUBLIC "-//W3C//DTD XHTML 1.0 Transitional//EN"
    "http://www.w3.org/TR/xhtml1/DTD/xhtml1-transitional.dtd">
<html xmlns="http://www.w3.org/1999/xhtml" xml:lang="en" lang="en">
 <head>
  <title>
</title>
<meta http-equiv="Content-Type" content="text/html;charset=utf-8" />
  <meta name='ocr-system' content='tesseract 3.04.00' />
  <meta name='ocr-capabilities' content='ocr_page ocr_carea ocr_par ocr_line ocrx_word'/>
</head>
<body>
  <div class='ocr_page' id='page_1' title='image "./rppaulicasatipl00casagoog_0580.png"; bbox 0 0 3800 5266; ppageno 0'>
   <div class='ocr_carea' id='block_1_1' title="bbox 443 219 1648 388">
    <p class='ocr_par' dir='ltr' id='par_1_1' title="bbox 443 219 1648 388">
     <span class='ocr_line' id='line_1_1' title="bbox 443 219 1648 388; baseline 0.009 -51"><span class='ocrx_word' id='word_1_1' title='bbox 443 219 601 337; x_wconf 86' lang='lat' dir='ltr'>Liber</span> <span class='ocrx_word' id='word_1_2' title='bbox 615 225 843 382; x_wconf 82' lang='lat' dir='ltr'>quintus.</span> <span class='ocrx_word' id='word_1_3' title='bbox 891 227 1104 344; x_wconf 78' lang='lat' dir='ltr'>CA&#39;PuT</span> <span class='ocrx_word' id='word_1_4' title='bbox 1136 233 1269 348; x_wconf 80' lang='lat' dir='ltr'>Vll.</span> <span class='ocrx_word' id='word_1_5' title='bbox 1433 283 1457 384; x_wconf 88' lang='lat'><em>5</em></span> <span class='ocrx_word' id='word_1_6' title='bbox 1469 283 1537 388; x_wconf 76' lang='lat'>57</span> <span class='ocrx_word' id='word_1_7' title='bbox 1645 267 1648 273; x_wconf 85' lang='grc'><em>·</em></span> 
     </span>
    </p>
   </div>
   <div class='ocr_carea' id='block_1_2' title="bbox 100 381 1686 4786">
    <p class='ocr_par' dir='ltr' id='par_1_2' title="bbox 100 381 1686 4786">
     <span class='ocr_line' id='line_1_2' title="bbox 155 381 1530 519; baseline 0.009 -42"><span class='ocrx_word' id='word_1_8' title='bbox 155 394 306 512; x_wconf 87' lang='lat' dir='ltr'>primat</span> <span class='ocrx_word' id='word_1_9' title='bbox 321 381 540 509; x_wconf 87' lang='lat' dir='ltr'>pistillum,</span> <span class='ocrx_word' id='word_1_10' title='bbox 560 385 602 474; x_wconf 89' lang='lat' dir='ltr'>vi</span> <span class='ocrx_word' id='word_1_11' title='bbox 622 384 772 496; x_wconf 80' lang='lat' dir='ltr'>cttjusa</span> <span class='ocrx_word' id='word_1_12' title='bbox 802 413 855 472; x_wconf 83' lang='lat' dir='ltr'>ua</span> <span class='ocrx_word' id='word_1_13' title='bbox 867 389 911 470; x_wconf 92' lang='lat' dir='ltr'>in</span> <span class='ocrx_word' id='word_1_14' title='bbox 928 381 1072 475; x_wconf 87' lang='lat' dir='ltr'>tubum</span> <span class='ocrx_word' id='word_1_15' title='bbox 1089 387 1373 486; x_wconf 83' lang='lat' dir='ltr'>ascendentem</span> <span class='ocrx_word' id='word_1_16' title='bbox 1395 392 1530 519; x_wconf 61' lang='lat' dir='ltr'>expriss</span> 
     </span>
     <span class='ocr_line' id='line_1_3' title="bbox 154 415 1530 630; baseline 0.008 -36"><span class='ocrx_word' id='word_1_17' title='bbox 154 539 315 606; x_wconf 86' lang='lat' dir='ltr'>matut,</span> <span class='ocrx_word' id='word_1_18' title='bbox 336 517 377 594; x_wconf 76' lang='lat' dir='ltr'>dt</span> <span class='ocrx_word' id='word_1_19' title='bbox 401 503 502 590; x_wconf 89' lang='lat' dir='ltr'>alter</span> <span class='ocrx_word' id='word_1_20' title='bbox 513 499 682 619; x_wconf 82' lang='lat' dir='ltr'>pistillos</span> <span class='ocrx_word' id='word_1_21' title='bbox 700 415 907 586; x_wconf 76' lang='lat' dir='ltr'>attollatur</span> <span class='ocrx_word' id='word_1_22' title='bbox 929 525 1077 618; x_wconf 83' lang='lat' dir='ltr'>aquam</span> <span class='ocrx_word' id='word_1_23' title='bbox 1101 507 1269 597; x_wconf 79' lang='lat' dir='ltr'>inseritis</span> <span class='ocrx_word' id='word_1_24' title='bbox 1283 517 1449 630; x_wconf 81' lang='lat' dir='ltr'>positam</span> <span class='ocrx_word' id='word_1_25' title='bbox 1465 549 1530 605; x_wconf 87' lang='lat' dir='ltr'>at-</span> 
     </span>
     <span class='ocr_line' id='line_1_4' title="bbox 153 615 1529 741; baseline 0.01 -33"><span class='ocrx_word' id='word_1_26' title='bbox 153 626 346 720; x_wconf 81' lang='lat' dir='ltr'>trahens,</span> <span class='ocrx_word' id='word_1_27' title='bbox 364 625 434 738; x_wconf 88' lang='lat' dir='ltr'>qui</span> <span class='ocrx_word' id='word_1_28' title='bbox 448 626 598 736; x_wconf 89' lang='lat' dir='ltr'>pariter</span> <span class='ocrx_word' id='word_1_29' title='bbox 608 616 660 703; x_wconf 86' lang='lat' dir='ltr'>ab</span> <span class='ocrx_word' id='word_1_30' title='bbox 673 620 773 704; x_wconf 83' lang='lat' dir='ltr'>Axis</span> <span class='ocrx_word' id='word_1_31' title='bbox 791 615 959 732; x_wconf 80' lang='lat' dir='ltr'>pinnultl</span> <span class='ocrx_word' id='word_1_32' title='bbox 971 625 1059 734; x_wconf 87' lang='lat' dir='ltr'>ejus</span> <span class='ocrx_word' id='word_1_33' title='bbox 1072 621 1142 706; x_wconf 80' lang='lat' dir='ltr'>alat</span> <span class='ocrx_word' id='word_1_34' title='bbox 1158 629 1423 741; x_wconf 77' lang='lat' dir='ltr'>respondente</span> <span class='ocrx_word' id='word_1_35' title='bbox 1439 635 1529 722; x_wconf 87' lang='lat' dir='ltr'>sub-</span> 
     </span>
     <span class='ocr_line' id='line_1_5' title="bbox 104 727 1528 854; baseline 0.007 -30"><span class='ocrx_word' id='word_1_36' title='bbox 104 774 114 788; x_wconf 74' lang='lat'><strong><em>¹</em></strong></span> <span class='ocrx_word' id='word_1_37' title='bbox 151 741 252 826; x_wconf 88' lang='lat' dir='ltr'>inde</span> <span class='ocrx_word' id='word_1_38' title='bbox 271 739 529 852; x_wconf 73' lang='lat' dir='ltr'>deprimatur.</span> <span class='ocrx_word' id='word_1_39' title='bbox 576 735 692 820; x_wconf 89' lang='lat' dir='ltr'>Hinc</span> <span class='ocrx_word' id='word_1_40' title='bbox 715 731 761 814; x_wconf 88' lang='lat' dir='ltr'>fit</span> <span class='ocrx_word' id='word_1_41' title='bbox 780 727 889 847; x_wconf 87' lang='lat' dir='ltr'>polse</span> <span class='ocrx_word' id='word_1_42' title='bbox 912 733 1139 848; x_wconf 79' lang='lat' dir='ltr'>longiorem</span> <span class='ocrx_word' id='word_1_43' title='bbox 1161 745 1292 828; x_wconf 85' lang='lat' dir='ltr'>Axem</span> <span class='ocrx_word' id='word_1_44' title='bbox 1307 748 1401 832; x_wconf 89' lang='lat' dir='ltr'>addi</span> <span class='ocrx_word' id='word_1_45' title='bbox 1418 779 1528 854; x_wconf 83' lang='lat' dir='ltr'>rotae,</span> 
     </span>
     <span class='ocr_line' id='line_1_6' title="bbox 153 846 1526 971; baseline 0.005 -29"><span class='ocrx_word' id='word_1_46' title='bbox 153 865 198 942; x_wconf 71' lang='grc' dir='ltr'>ὅ(</span> <span class='ocrx_word' id='word_1_47' title='bbox 210 853 325 971; x_wconf 86' lang='lat' dir='ltr'>plura</span> <span class='ocrx_word' id='word_1_48' title='bbox 337 847 569 956; x_wconf 77' lang='lat' dir='ltr'>hujusmodi</span> <span class='ocrx_word' id='word_1_49' title='bbox 589 846 829 964; x_wconf 88' lang='lat' dir='ltr'>pistillorum</span> <span class='ocrx_word' id='word_1_50' title='bbox 842 852 952 962; x_wconf 84' lang='lat' dir='ltr'>paria</span> <span class='ocrx_word' id='word_1_51' title='bbox 968 852 1124 964; x_wconf 82' lang='lat' dir='ltr'>disponi</span> <span class='ocrx_word' id='word_1_52' title='bbox 1144 859 1321 970; x_wconf 87' lang='lat' dir='ltr'>pinnulis</span> <span class='ocrx_word' id='word_1_53' title='bbox 1334 867 1378 944; x_wconf 92' lang='lat' dir='ltr'>in</span> <span class='ocrx_word' id='word_1_54' title='bbox 1394 866 1526 951; x_wconf 87' lang='lat' dir='ltr'>ambi-</span> 
     </span>
     <span class='ocr_line' id='line_1_7' title="bbox 136 965 1525 1092; baseline 0.005 -38"><span class='ocrx_word' id='word_1_55' title='bbox 136 996 200 1054; x_wconf 88' lang='lat' dir='ltr'>·tu</span> <span class='ocrx_word' id='word_1_56' title='bbox 212 973 312 1056; x_wconf 88' lang='lat' dir='ltr'>Axis</span> <span class='ocrx_word' id='word_1_57' title='bbox 325 973 382 1052; x_wconf 90' lang='lat' dir='ltr'>ita</span> <span class='ocrx_word' id='word_1_58' title='bbox 394 967 639 1064; x_wconf 81' lang='lat' dir='ltr'>distributis,</span> <span class='ocrx_word' id='word_1_59' title='bbox 656 991 800 1048; x_wconf 87' lang='lat' dir='ltr'>utnon</span> <span class='ocrx_word' id='word_1_60' title='bbox 815 966 948 1077; x_wconf 87' lang='lat' dir='ltr'>plures</span> <span class='ocrx_word' id='word_1_61' title='bbox 965 965 1079 1050; x_wconf 83' lang='lat' dir='ltr'>simul</span> <span class='ocrx_word' id='word_1_62' title='bbox 1095 971 1284 1082; x_wconf 82' lang='lat' dir='ltr'>pistillos,</span> <span class='ocrx_word' id='word_1_63' title='bbox 1299 973 1367 1062; x_wconf 92' lang='lat' dir='ltr'>sed</span> <span class='ocrx_word' id='word_1_64' title='bbox 1387 979 1525 1092; x_wconf 33' lang='lat' dir='ltr'>singu?</span> 
     </span>
     <span class='ocr_line' id='line_1_8' title="bbox 149 1078 1533 1208; baseline 0.007 -38"><span class='ocrx_word' id='word_1_65' title='bbox 149 1080 448 1196; x_wconf 84' lang='lat' dir='ltr'>losunumpost</span> <span class='ocrx_word' id='word_1_66' title='bbox 466 1081 590 1167; x_wconf 83' lang='lat' dir='ltr'>alium</span> <span class='ocrx_word' id='word_1_67' title='bbox 605 1103 812 1199; x_wconf 86' lang='lat' dir='ltr'>premant,</span> <span class='ocrx_word' id='word_1_68' title='bbox 827 1078 855 1162; x_wconf 84' lang='lat' dir='ltr'>fi</span> <span class='ocrx_word' id='word_1_69' title='bbox 868 1083 952 1160; x_wconf 86' lang='lat' dir='ltr'>riou</span> <span class='ocrx_word' id='word_1_70' title='bbox 968 1078 1073 1164; x_wconf 85' lang='lat' dir='ltr'>aded</span> <span class='ocrx_word' id='word_1_71' title='bbox 1091 1085 1222 1172; x_wconf 89' lang='lat' dir='ltr'>valida</span> <span class='ocrx_word' id='word_1_72' title='bbox 1237 1089 1360 1175; x_wconf 90' lang='lat' dir='ltr'>suerit</span> <span class='ocrx_word' id='word_1_73' title='bbox 1374 1105 1533 1208; x_wconf 69' lang='lat' dir='ltr'>poten-⁶</span> 
     </span>
     <span class='ocr_line' id='line_1_9' title="bbox 151 1191 1525 1320; baseline 0.009 -37"><span class='ocrx_word' id='word_1_74' title='bbox 151 1203 208 1284; x_wconf 86' lang='lat' dir='ltr'>tia</span> <span class='ocrx_word' id='word_1_75' title='bbox 217 1191 354 1284; x_wconf 76' lang='lat' dir='ltr'>¹rota&#39;m</span> <span class='ocrx_word' id='word_1_76' title='bbox 367 1192 523 1282; x_wconf 89' lang='lat' dir='ltr'>versans</span> <span class='ocrx_word' id='word_1_77' title='bbox 533 1231 546 1292; x_wconf 98' lang='lat'>3</span> <span class='ocrx_word' id='word_1_78' title='bbox 567 1194 639 1282; x_wconf 85' lang='lat' dir='ltr'>Sin</span> <span class='ocrx_word' id='word_1_79' title='bbox 658 1221 796 1278; x_wconf 87' lang='lat' dir='ltr'>autem</span> <span class='ocrx_word' id='word_1_80' title='bbox 811 1191 980 1276; x_wconf 80' lang='lat' dir='ltr'>validior</span> <span class='ocrx_word' id='word_1_81' title='bbox 998 1195 1065 1280; x_wconf 92' lang='lat' dir='ltr'>illa</span> <span class='ocrx_word' id='word_1_82' title='bbox 1089 1195 1236 1301; x_wconf 90' lang='lat' dir='ltr'>fuerit,</span> <span class='ocrx_word' id='word_1_83' title='bbox 1253 1200 1391 1320; x_wconf 85' lang='lat' dir='ltr'>plures</span> <span class='ocrx_word' id='word_1_84' title='bbox 1409 1210 1525 1301; x_wconf 79' lang='lat' dir='ltr'>simul</span> 
     </span>
     <span class='ocr_line' id='line_1_10' title="bbox 148 1307 1522 1434; baseline 0.007 -32"><span class='ocrx_word' id='word_1_85' title='bbox 148 1309 543 1428; x_wconf 88' lang='lat' dir='ltr'>deprimant,ilsque</span> <span class='ocrx_word' id='word_1_86' title='bbox 556 1315 794 1426; x_wconf 88' lang='lat' dir='ltr'>conjugatos</span> <span class='ocrx_word' id='word_1_87' title='bbox 806 1307 1002 1392; x_wconf 85' lang='lat' dir='ltr'>attollant.</span> <span class='ocrx_word' id='word_1_88' title='bbox 1047 1315 1135 1398; x_wconf 80' lang='lat' dir='ltr'>Nisi</span> <span class='ocrx_word' id='word_1_89' title='bbox 1148 1317 1254 1403; x_wconf 77' lang='lat' dir='ltr'>forte</span> <span class='ocrx_word' id='word_1_90' title='bbox 1273 1323 1402 1434; x_wconf 78' lang='lat' dir='ltr'>magis</span> <span class='ocrx_word' id='word_1_91' title='bbox 1421 1331 1522 1412; x_wconf 88' lang='lat' dir='ltr'>arti-</span> 
     </span>
     <span class='ocr_line' id='line_1_11' title="bbox 149 1421 1529 1552; baseline 0.005 -40"><span class='ocrx_word' id='word_1_92' title='bbox 149 1425 245 1512; x_wconf 90' lang='lat' dir='ltr'>serit</span> <span class='ocrx_word' id='word_1_93' title='bbox 266 1425 426 1514; x_wconf 84' lang='lat' dir='ltr'>duobus</span> <span class='ocrx_word' id='word_1_94' title='bbox 442 1427 723 1511; x_wconf 86' lang='lat' dir='ltr'>tantummodo</span> <span class='ocrx_word' id='word_1_95' title='bbox 742 1421 897 1538; x_wconf 89' lang='lat' dir='ltr'>pistillis</span> <span class='ocrx_word' id='word_1_96' title='bbox 924 1429 1242 1538; x_wconf 84' lang='lat' dir='ltr'>conjugatisuti,</span> <span class='ocrx_word' id='word_1_97' title='bbox 1258 1459 1319 1517; x_wconf 92' lang='lat' dir='ltr'>tot</span> <span class='ocrx_word' id='word_1_98' title='bbox 1340 1435 1529 1552; x_wconf 82' lang='lat' dir='ltr'>pinnulis.</span> 
     </span>
     <span class='ocr_line' id='line_1_12' title="bbox 148 1533 1521 1655; baseline 0.013 -27"><span class='ocrx_word' id='word_1_99' title='bbox 148 1543 195 1628; x_wconf 91' lang='lat' dir='ltr'>in</span> <span class='ocrx_word' id='word_1_100' title='bbox 214 1549 304 1630; x_wconf 84' lang='lat' dir='ltr'>Axe</span> <span class='ocrx_word' id='word_1_101' title='bbox 316 1540 533 1655; x_wconf 79' lang='lat' dir='ltr'>dispositis,</span> <span class='ocrx_word' id='word_1_102' title='bbox 552 1541 660 1626; x_wconf 77' lang='lat' dir='ltr'>ut&#39;in</span> <span class='ocrx_word' id='word_1_103' title='bbox 685 1543 766 1626; x_wconf 80' lang='lat' dir='ltr'>unrl</span> <span class='ocrx_word' id='word_1_104' title='bbox 780 1533 959 1654; x_wconf 88' lang='lat' dir='ltr'>ejusdem</span> <span class='ocrx_word' id='word_1_105' title='bbox 972 1544 1073 1626; x_wconf 86' lang='lat' dir='ltr'>Axis</span> <span class='ocrx_word' id='word_1_106' title='bbox 1092 1549 1351 1636; x_wconf 86' lang='lat' dir='ltr'>converfione</span> <span class='ocrx_word' id='word_1_107' title='bbox 1375 1551 1521 1647; x_wconf 73' lang='lat' dir='ltr'>bisant</span> 
     </span>
     <span class='ocr_line' id='line_1_13' title="bbox 148 1656 1529 1774; baseline -0.001 -31"><span class='ocrx_word' id='word_1_108' title='bbox 148 1689 212 1744; x_wconf 90' lang='lat' dir='ltr'>ter</span> <span class='ocrx_word' id='word_1_109' title='bbox 227 1656 395 1774; x_wconf 79' lang='lat' dir='ltr'>pistillos</span> <span class='ocrx_word' id='word_1_110' title='bbox 414 1659 522 1745; x_wconf 82' lang='lat' dir='ltr'>idem</span> <span class='ocrx_word' id='word_1_111' title='bbox 539 1659 798 1772; x_wconf 85' lang='lat' dir='ltr'>deprimatur.</span> <span class='ocrx_word' id='word_1_112' title='bbox 876 1717 879 1722; x_wconf 87' lang='lat'>-</span> <span class='ocrx_word' id='word_1_113' title='bbox 1252 1681 1256 1690; x_wconf 91' lang='grc'><strong><em>·</em></strong></span> <span class='ocrx_word' id='word_1_114' title='bbox 1505 1668 1529 1764; x_wconf 62' lang='grc' dir='ltr'>ζ’·</span> 
     </span>
     <span class='ocr_line' id='line_1_14' title="bbox 208 1769 1528 1890; baseline 0.004 -32"><span class='ocrx_word' id='word_1_115' title='bbox 208 1777 466 1890; x_wconf 88' lang='lat' dir='ltr'>Hucpatiter</span> <span class='ocrx_word' id='word_1_116' title='bbox 479 1769 675 1886; x_wconf 73' lang='lat' dir='ltr'>speeiant,</span> <span class='ocrx_word' id='word_1_117' title='bbox 690 1793 781 1886; x_wconf 80' lang='lat' dir='ltr'>quae</span> <span class='ocrx_word' id='word_1_118' title='bbox 796 1769 1078 1884; x_wconf 85' lang='lat' dir='ltr'>pallimvidete</span> <span class='ocrx_word' id='word_1_119' title='bbox 1091 1771 1150 1858; x_wconf 89' lang='lat' dir='ltr'>est</span> <span class='ocrx_word' id='word_1_120' title='bbox 1165 1775 1209 1858; x_wconf 90' lang='lat' dir='ltr'>in</span> <span class='ocrx_word' id='word_1_121' title='bbox 1223 1777 1394 1869; x_wconf 85' lang='lat' dir='ltr'>officinis</span> <span class='ocrx_word' id='word_1_122' title='bbox 1414 1775 1528 1872; x_wconf 64' lang='lat' dir='ltr'>mal.⁸¹</span> 
     </span>
     <span class='ocr_line' id='line_1_15' title="bbox 146 1883 1525 2008; baseline 0.001 -35"><span class='ocrx_word' id='word_1_123' title='bbox 146 1887 476 2002; x_wconf 65' lang='lat' dir='ltr'>leatorum&#39;cupri</span> <span class='ocrx_word' id='word_1_124' title='bbox 492 1915 562 1970; x_wconf 86' lang='lat' dir='ltr'>aut</span> <span class='ocrx_word' id='word_1_125' title='bbox 576 1887 668 1972; x_wconf 90' lang='lat' dir='ltr'>ferri</span> <span class='ocrx_word' id='word_1_126' title='bbox 683 1945 695 1982; x_wconf 92' lang='lat'>,</span> <span class='ocrx_word' id='word_1_127' title='bbox 709 1883 840 1996; x_wconf 83' lang='lat' dir='ltr'>ubi&amp;</span> <span class='ocrx_word' id='word_1_128' title='bbox 865 1913 950 1968; x_wconf 88' lang='lat' dir='ltr'>rota</span> <span class='ocrx_word' id='word_1_129' title='bbox 964 1893 1138 1972; x_wconf 85' lang='lat' dir='ltr'>exterior</span> <span class='ocrx_word' id='word_1_130' title='bbox 1151 1895 1190 1971; x_wconf 87' lang='lat' dir='ltr'>vi</span> <span class='ocrx_word' id='word_1_131' title='bbox 1207 1921 1320 2008; x_wconf 81' lang='lat' dir='ltr'>aquae</span> <span class='ocrx_word' id='word_1_132' title='bbox 1345 1885 1525 1993; x_wconf 50' lang='lat' dir='ltr'>labendi⁴</span> 
     </span>
     <span class='ocr_line' id='line_1_16' title="bbox 145 1999 1686 2128; baseline 0.009 -37"><span class='ocrx_word' id='word_1_133' title='bbox 145 2008 391 2092; x_wconf 77' lang='lat' dir='ltr'>circumatta</span> <span class='ocrx_word' id='word_1_134' title='bbox 417 2001 586 2087; x_wconf 81' lang='lat' dir='ltr'>interiits</span> <span class='ocrx_word' id='word_1_135' title='bbox 612 2005 654 2084; x_wconf 92' lang='lat' dir='ltr'>in</span> <span class='ocrx_word' id='word_1_136' title='bbox 673 1999 858 2084; x_wconf 87' lang='lat' dir='ltr'>conclavi</span> <span class='ocrx_word' id='word_1_137' title='bbox 879 2000 989 2114; x_wconf 82' lang='lat' dir='ltr'>quast</span> <span class='ocrx_word' id='word_1_138' title='bbox 1015 2001 1272 2092; x_wconf 87' lang='lat' dir='ltr'>manubrium</span> <span class='ocrx_word' id='word_1_139' title='bbox 1295 2017 1529 2128; x_wconf 83' lang='lat' dir='ltr'>convolvit„</span> <span class='ocrx_word' id='word_1_140' title='bbox 1674 2067 1686 2080; x_wconf 93' lang='lat'><strong>·</strong></span> 
     </span>
     <span class='ocr_line' id='line_1_17' title="bbox 144 2113 1658 2236; baseline 0.001 -30"><span class='ocrx_word' id='word_1_141' title='bbox 144 2121 259 2236; x_wconf 86' lang='lat' dir='ltr'>quod</span> <span class='ocrx_word' id='word_1_142' title='bbox 277 2117 465 2233; x_wconf 83' lang='lat' dir='ltr'>superiori</span> <span class='ocrx_word' id='word_1_143' title='bbox 479 2117 561 2204; x_wconf 87' lang='lat' dir='ltr'>Axi</span> <span class='ocrx_word' id='word_1_144' title='bbox 579 2118 781 2200; x_wconf 90' lang='lat' dir='ltr'>horizonti</span> <span class='ocrx_word' id='word_1_145' title='bbox 805 2114 995 2228; x_wconf 84' lang='lat' dir='ltr'>parallelo</span> <span class='ocrx_word' id='word_1_146' title='bbox 1007 2113 1180 2204; x_wconf 85' lang='lat' dir='ltr'>infixum</span> <span class='ocrx_word' id='word_1_147' title='bbox 1197 2125 1397 2228; x_wconf 81' lang='lat' dir='ltr'>Radium,</span> <span class='ocrx_word' id='word_1_148' title='bbox 1419 2127 1518 2222; x_wconf 58' lang='lat' dir='ltr'>srblssss</span> <span class='ocrx_word' id='word_1_149' title='bbox 1653 2151 1658 2156; x_wconf 90' lang='lat'>·</span> 
     </span>
     <span class='ocr_line' id='line_1_18' title="bbox 143 2224 1529 2355; baseline 0.001 -35"><span class='ocrx_word' id='word_1_150' title='bbox 143 2267 228 2354; x_wconf 90' lang='lat' dir='ltr'>que</span> <span class='ocrx_word' id='word_1_151' title='bbox 248 2231 385 2347; x_wconf 72' lang='lat' dir='ltr'>reguli</span> <span class='ocrx_word' id='word_1_152' title='bbox 406 2229 658 2344; x_wconf 14' lang='lat' dir='ltr'>invjunsiuris</span> <span class='ocrx_word' id='word_1_153' title='bbox 684 2229 849 2346; x_wconf 75' lang='lat' dir='ltr'>plicatili</span> <span class='ocrx_word' id='word_1_154' title='bbox 865 2259 1122 2330; x_wconf 88' lang='lat' dir='ltr'>connexum,</span> <span class='ocrx_word' id='word_1_155' title='bbox 1140 2235 1240 2320; x_wconf 90' lang='lat' dir='ltr'>dum</span> <span class='ocrx_word' id='word_1_156' title='bbox 1260 2242 1434 2344; x_wconf 88' lang='lat' dir='ltr'>attollit,</span> <span class='ocrx_word' id='word_1_157' title='bbox 1454 2224 1529 2355; x_wconf 48' lang='lat' dir='ltr'>atis</span> 
     </span>
     <span class='ocr_line' id='line_1_19' title="bbox 143 2341 1513 2468; baseline 0.009 -33"><span class='ocrx_word' id='word_1_158' title='bbox 143 2352 456 2468; x_wconf 77' lang='lat' dir='ltr'>quedeprimit,</span> <span class='ocrx_word' id='word_1_159' title='bbox 484 2355 527 2432; x_wconf 88' lang='lat' dir='ltr'>in</span> <span class='ocrx_word' id='word_1_160' title='bbox 551 2343 674 2431; x_wconf 80' lang='lat' dir='ltr'>alterrl</span> <span class='ocrx_word' id='word_1_161' title='bbox 691 2341 867 2453; x_wconf 79' lang='lat' dir='ltr'>ejusdem</span> <span class='ocrx_word' id='word_1_162' title='bbox 883 2347 982 2429; x_wconf 81' lang='lat' dir='ltr'>Axis</span> <span class='ocrx_word' id='word_1_163' title='bbox 1010 2347 1262 2438; x_wconf 87' lang='lat' dir='ltr'>extremitate</span> <span class='ocrx_word' id='word_1_164' title='bbox 1281 2351 1513 2448; x_wconf 81' lang='lat' dir='ltr'>transversa·</span> 
     </span>
     <span class='ocr_line' id='line_1_20' title="bbox 142 2460 1592 2581; baseline -0.001 -29"><span class='ocrx_word' id='word_1_165' title='bbox 142 2475 250 2552; x_wconf 86' lang='lat' dir='ltr'>tium</span> <span class='ocrx_word' id='word_1_166' title='bbox 262 2467 361 2550; x_wconf 91' lang='lat' dir='ltr'>hinc</span> <span class='ocrx_word' id='word_1_167' title='bbox 376 2462 716 2581; x_wconf 82' lang='lat' dir='ltr'>pariterattollens</span> <span class='ocrx_word' id='word_1_168' title='bbox 729 2487 852 2571; x_wconf 91' lang='lat' dir='ltr'>atque</span> <span class='ocrx_word' id='word_1_169' title='bbox 867 2460 967 2544; x_wconf 88' lang='lat' dir='ltr'>hinc</span> <span class='ocrx_word' id='word_1_170' title='bbox 976 2461 1205 2576; x_wconf 81' lang='lat' dir='ltr'>deprimens</span> <span class='ocrx_word' id='word_1_171' title='bbox 1215 2467 1526 2576; x_wconf 59' lang='lat' dir='ltr'>follibusalter.2</span> <span class='ocrx_word' id='word_1_172' title='bbox 1589 2525 1592 2530; x_wconf 93' lang='lat'>-</span> 
     </span>
     <span class='ocr_line' id='line_1_21' title="bbox 141 2571 1529 2698; baseline 0.006 -30"><span class='ocrx_word' id='word_1_173' title='bbox 141 2613 246 2668; x_wconf 88' lang='lat' dir='ltr'>nutu</span> <span class='ocrx_word' id='word_1_174' title='bbox 265 2608 420 2666; x_wconf 88' lang='lat' dir='ltr'>motum</span> <span class='ocrx_word' id='word_1_175' title='bbox 440 2577 652 2664; x_wconf 89' lang='lat' dir='ltr'>conciliat:</span> <span class='ocrx_word' id='word_1_176' title='bbox 675 2579 727 2662; x_wconf 84' lang='lat' dir='ltr'>Et</span> <span class='ocrx_word' id='word_1_177' title='bbox 747 2603 832 2658; x_wconf 86' lang='lat' dir='ltr'>rota</span> <span class='ocrx_word' id='word_1_178' title='bbox 843 2571 921 2658; x_wconf 86' lang='lat' dir='ltr'>alia</span> <span class='ocrx_word' id='word_1_179' title='bbox 933 2575 1167 2662; x_wconf 84' lang='lat' dir='ltr'>validiorem</span> <span class='ocrx_word' id='word_1_180' title='bbox 1181 2611 1294 2698; x_wconf 86' lang='lat' dir='ltr'>aquae</span> <span class='ocrx_word' id='word_1_181' title='bbox 1309 2571 1529 2689; x_wconf 55' lang='lat' dir='ltr'>decidenssf</span> 
     </span>
     <span class='ocr_line' id='line_1_22' title="bbox 100 2689 1531 2828; baseline 0.008 -46"><span class='ocrx_word' id='word_1_182' title='bbox 100 2787 118 2806; x_wconf 60' lang='grc'><em>,</em></span> <span class='ocrx_word' id='word_1_183' title='bbox 139 2703 193 2782; x_wconf 90' lang='lat' dir='ltr'>tis</span> <span class='ocrx_word' id='word_1_184' title='bbox 209 2701 270 2782; x_wconf 90' lang='lat' dir='ltr'>im</span> <span class='ocrx_word' id='word_1_185' title='bbox 322 2726 410 2782; x_wconf 89' lang='lat' dir='ltr'>tum</span> <span class='ocrx_word' id='word_1_186' title='bbox 435 2697 658 2808; x_wconf 84' lang='lat' dir='ltr'>recipiens,</span> <span class='ocrx_word' id='word_1_187' title='bbox 676 2689 872 2803; x_wconf 83' lang='lat' dir='ltr'>suquue</span> <span class='ocrx_word' id='word_1_188' title='bbox 895 2691 1027 2774; x_wconf 88' lang='lat' dir='ltr'>Axem</span> <span class='ocrx_word' id='word_1_189' title='bbox 1044 2693 1311 2799; x_wconf 92' lang='lat' dir='ltr'>convolvens,</span> <span class='ocrx_word' id='word_1_190' title='bbox 1330 2696 1531 2828; x_wconf 50' lang='lat' dir='ltr'>pinnulis}</span> 
     </span>
     <span class='ocr_line' id='line_1_23' title="bbox 139 2727 1530 2934; baseline 0.006 -36"><span class='ocrx_word' id='word_1_191' title='bbox 139 2812 209 2900; x_wconf 84' lang='lat' dir='ltr'>axi</span> <span class='ocrx_word' id='word_1_192' title='bbox 220 2727 358 2898; x_wconf 65' lang='lat' dir='ltr'>iniis</span> <span class='ocrx_word' id='word_1_193' title='bbox 371 2813 667 2897; x_wconf 84' lang='lat' dir='ltr'>extremitatem</span> <span class='ocrx_word' id='word_1_194' title='bbox 681 2805 845 2890; x_wconf 86' lang='lat' dir='ltr'>alteram</span> <span class='ocrx_word' id='word_1_195' title='bbox 858 2803 1048 2918; x_wconf 89' lang='lat' dir='ltr'>deprimit</span> <span class='ocrx_word' id='word_1_196' title='bbox 1062 2807 1200 2918; x_wconf 88' lang='lat' dir='ltr'>tigilli,</span> <span class='ocrx_word' id='word_1_197' title='bbox 1218 2817 1335 2924; x_wconf 86' lang='lat' dir='ltr'>cujus</span> <span class='ocrx_word' id='word_1_198' title='bbox 1346 2812 1507 2934; x_wconf 62' lang='lat' dir='ltr'>oppoliss</span> <span class='ocrx_word' id='word_1_199' title='bbox 1524 2912 1530 2928; x_wconf 63' lang='lat'>‚</span> 
     </span>
     <span class='ocr_line' id='line_1_24' title="bbox 139 2919 1507 3050; baseline -0.007 -36"><span class='ocrx_word' id='word_1_200' title='bbox 139 2919 1507 3050; x_wconf 64' lang='lat' dir='ltr'>taeextremitatielevatae‘eohaeretingensserreusmalleosquiprae.</span> 
     </span>
     <span class='ocr_line' id='line_1_25' title="bbox 139 3033 1521 3164; baseline 0.007 -36"><span class='ocrx_word' id='word_1_201' title='bbox 139 3039 417 3158; x_wconf 75' lang='lat' dir='ltr'>tetlapsleis</span> <span class='ocrx_word' id='word_1_202' title='bbox 428 3033 744 3155; x_wconf 76' lang='lat' dir='ltr'>pinnuldsponte</span> <span class='ocrx_word' id='word_1_203' title='bbox 756 3037 939 3121; x_wconf 88' lang='lat' dir='ltr'>recidens</span> <span class='ocrx_word' id='word_1_204' title='bbox 951 3035 1320 3152; x_wconf 77' lang='lat' dir='ltr'>tundirsubjettum</span> <span class='ocrx_word' id='word_1_205' title='bbox 1335 3051 1521 3164; x_wconf 80' lang='lat' dir='ltr'>cuprum</span> 
     </span>
     <span class='ocr_line' id='line_1_26' title="bbox 138 3157 1522 3268; baseline 0.001 -24"><span class='ocrx_word' id='word_1_206' title='bbox 138 3188 211 3244; x_wconf 89' lang='lat' dir='ltr'>aut</span> <span class='ocrx_word' id='word_1_207' title='bbox 225 3159 375 3242; x_wconf 84' lang='lat' dir='ltr'>ferrum</span> <span class='ocrx_word' id='word_1_208' title='bbox 390 3157 583 3268; x_wconf 85' lang='lat' dir='ltr'>ignitum·</span> <span class='ocrx_word' id='word_1_209' title='bbox 1515 3241 1522 3258; x_wconf 85' lang='grc'>,</span> 
     </span>
     <span class='ocr_line' id='line_1_27' title="bbox 196 3261 1639 3388; baseline 0.008 -31"><span class='ocrx_word' id='word_1_210' title='bbox 196 3281 248 3357; x_wconf 90' lang='lat' dir='ltr'>ln</span> <span class='ocrx_word' id='word_1_211' title='bbox 264 3271 328 3356; x_wconf 88' lang='lat' dir='ltr'>his</span> <span class='ocrx_word' id='word_1_212' title='bbox 342 3269 530 3355; x_wconf 89' lang='lat' dir='ltr'>omnibus</span> <span class='ocrx_word' id='word_1_213' title='bbox 546 3297 643 3352; x_wconf 75' lang='lat' dir='ltr'>totto</span> <span class='ocrx_word' id='word_1_214' title='bbox 660 3267 826 3384; x_wconf 89' lang='lat' dir='ltr'>quidem</span> <span class='ocrx_word' id='word_1_215' title='bbox 852 3261 1145 3358; x_wconf 85' lang='lat' dir='ltr'>semidiametet</span> <span class='ocrx_word' id='word_1_216' title='bbox 1168 3273 1415 3362; x_wconf 85' lang='lat' dir='ltr'>attendenda</span> <span class='ocrx_word' id='word_1_217' title='bbox 1431 3271 1522 3382; x_wconf 51' lang='lat' dir='ltr'>esti.</span> <span class='ocrx_word' id='word_1_218' title='bbox 1622 3349 1639 3388; x_wconf 74' lang='lat'>,</span> 
     </span>
     <span class='ocr_line' id='line_1_28' title="bbox 135 3381 1523 3500; baseline -0.005 -26"><span class='ocrx_word' id='word_1_219' title='bbox 135 3395 182 3474; x_wconf 91' lang='lat' dir='ltr'>in</span> <span class='ocrx_word' id='word_1_220' title='bbox 209 3395 324 3492; x_wconf 87' lang='lat' dir='ltr'>cujus</span> <span class='ocrx_word' id='word_1_221' title='bbox 341 3411 524 3472; x_wconf 86' lang='lat' dir='ltr'>extantes</span> <span class='ocrx_word' id='word_1_222' title='bbox 538 3383 730 3500; x_wconf 89' lang='lat' dir='ltr'>palmulas</span> <span class='ocrx_word' id='word_1_223' title='bbox 746 3411 850 3498; x_wconf 89' lang='lat' dir='ltr'>aqua</span> <span class='ocrx_word' id='word_1_224' title='bbox 872 3381 1082 3469; x_wconf 88' lang='lat' dir='ltr'>incurrens</span> <span class='ocrx_word' id='word_1_225' title='bbox 1096 3381 1181 3470; x_wconf 85' lang='lat' dir='ltr'>vim</span> <span class='ocrx_word' id='word_1_226' title='bbox 1201 3389 1392 3499; x_wconf 80' lang='lat' dir='ltr'>potentia:</span> <span class='ocrx_word' id='word_1_227' title='bbox 1411 3425 1523 3481; x_wconf 57' lang='lat' dir='ltr'>mo„</span> 
     </span>
     <span class='ocr_line' id='line_1_29' title="bbox 134 3495 1521 3622; baseline -0.007 -33"><span class='ocrx_word' id='word_1_228' title='bbox 134 3506 270 3589; x_wconf 84' lang='lat' dir='ltr'>ventis</span> <span class='ocrx_word' id='word_1_229' title='bbox 287 3504 445 3588; x_wconf 89' lang='lat' dir='ltr'>obtinet</span> <span class='ocrx_word' id='word_1_230' title='bbox 457 3535 469 3596; x_wconf 87' lang='lat'>3</span> <span class='ocrx_word' id='word_1_231' title='bbox 483 3495 550 3585; x_wconf 88' lang='lat' dir='ltr'>sed</span> <span class='ocrx_word' id='word_1_232' title='bbox 571 3503 667 3584; x_wconf 81' lang='lat' dir='ltr'>Axis</span> <span class='ocrx_word' id='word_1_233' title='bbox 679 3495 971 3584; x_wconf 90' lang='lat' dir='ltr'>semidiametet</span> <span class='ocrx_word' id='word_1_234' title='bbox 983 3530 1068 3584; x_wconf 89' lang='lat' dir='ltr'>non</span> <span class='ocrx_word' id='word_1_235' title='bbox 1081 3495 1521 3622; x_wconf 44' lang='lat' dir='ltr'>solitariiaccipiendgss&#39;</span> 
     </span>
     <span class='ocr_line' id='line_1_30' title="bbox 135 3613 1504 3730; baseline 0.005 -29"><span class='ocrx_word' id='word_1_236' title='bbox 135 3617 219 3720; x_wconf 86' lang='lat' dir='ltr'>est,</span> <span class='ocrx_word' id='word_1_237' title='bbox 238 3617 380 3706; x_wconf 83' lang='lat' dir='ltr'>vetltm</span> <span class='ocrx_word' id='word_1_238' title='bbox 395 3627 436 3706; x_wconf 90' lang='lat'>&amp;</span> <span class='ocrx_word' id='word_1_239' title='bbox 452 3616 638 3702; x_wconf 84' lang='lat' dir='ltr'>addenda</span> <span class='ocrx_word' id='word_1_240' title='bbox 658 3617 928 3728; x_wconf 89' lang='lat' dir='ltr'>prominentis</span> <span class='ocrx_word' id='word_1_241' title='bbox 939 3613 1118 3730; x_wconf 82' lang='lat' dir='ltr'>pinnulae</span> <span class='ocrx_word' id='word_1_242' title='bbox 1136 3613 1369 3728; x_wconf 85' lang='lat' dir='ltr'>longitudo,</span> <span class='ocrx_word' id='word_1_243' title='bbox 1385 3623 1441 3712; x_wconf 88' lang='lat' dir='ltr'>ita</span> <span class='ocrx_word' id='word_1_244' title='bbox 1454 3655 1504 3712; x_wconf 90' lang='lat' dir='ltr'>ut</span> 
     </span>
     <span class='ocr_line' id='line_1_31' title="bbox 131 3724 1500 3852; baseline 0.004 -32"><span class='ocrx_word' id='word_1_245' title='bbox 131 3765 185 3822; x_wconf 88' lang='lat' dir='ltr'>ex</span> <span class='ocrx_word' id='word_1_246' title='bbox 195 3729 369 3852; x_wconf 75' lang='lat' dir='ltr'>utrique</span> <span class='ocrx_word' id='word_1_247' title='bbox 382 3729 622 3818; x_wconf 88' lang='lat' dir='ltr'>conficiatur</span> <span class='ocrx_word' id='word_1_248' title='bbox 633 3726 1057 3814; x_wconf 88' lang='lat' dir='ltr'>unicasemidiameter</span> <span class='ocrx_word' id='word_1_249' title='bbox 1068 3724 1213 3829; x_wconf 81' lang='lat' dir='ltr'>motlis,</span> <span class='ocrx_word' id='word_1_250' title='bbox 1230 3739 1301 3849; x_wconf 88' lang='lat' dir='ltr'>qui</span> <span class='ocrx_word' id='word_1_251' title='bbox 1313 3767 1500 3842; x_wconf 80' lang='lat' dir='ltr'>commu-</span> 
     </span>
     <span class='ocr_line' id='line_1_32' title="bbox 131 3838 1521 3966; baseline 0.001 -30"><span class='ocrx_word' id='word_1_252' title='bbox 131 3855 295 3936; x_wconf 87' lang='lat' dir='ltr'>nicatur</span> <span class='ocrx_word' id='word_1_253' title='bbox 309 3847 470 3966; x_wconf 91' lang='lat' dir='ltr'>pistillo,</span> <span class='ocrx_word' id='word_1_254' title='bbox 480 3869 549 3932; x_wconf 89' lang='lat' dir='ltr'>aut</span> <span class='ocrx_word' id='word_1_255' title='bbox 564 3838 752 3960; x_wconf 83' lang='lat' dir='ltr'>deprelsae</span> <span class='ocrx_word' id='word_1_256' title='bbox 762 3843 1005 3932; x_wconf 83' lang='lat' dir='ltr'>extremitati</span> <span class='ocrx_word' id='word_1_257' title='bbox 1014 3843 1160 3932; x_wconf 83' lang='lat' dir='ltr'>mallei.</span> <span class='ocrx_word' id='word_1_258' title='bbox 1188 3847 1415 3965; x_wconf 83' lang='lat' dir='ltr'>Deprelsae,</span> <span class='ocrx_word' id='word_1_259' title='bbox 1432 3859 1500 3942; x_wconf 90' lang='lat' dir='ltr'>in·</span> <span class='ocrx_word' id='word_1_260' title='bbox 1517 3933 1521 3940; x_wconf 86' lang='grc'>,</span> 
     </span>
     <span class='ocr_line' id='line_1_33' title="bbox 131 3958 1522 4082; baseline 0.004 -30"><span class='ocrx_word' id='word_1_261' title='bbox 131 3961 538 4082; x_wconf 84' lang='lat' dir='ltr'>quam‚extretnitati</span> <span class='ocrx_word' id='word_1_262' title='bbox 548 3958 1522 4080; x_wconf 67' lang='lat' dir='ltr'>rnallei,namrttalleieletatioaliquantomajor,⁴</span> 
     </span>
     <span class='ocr_line' id='line_1_34' title="bbox 128 4071 1499 4196; baseline 0.005 -33"><span class='ocrx_word' id='word_1_263' title='bbox 128 4080 205 4179; x_wconf 92' lang='lat' dir='ltr'>est,</span> <span class='ocrx_word' id='word_1_264' title='bbox 221 4071 347 4194; x_wconf 72' lang='lat' dir='ltr'>¹quatri</span> <span class='ocrx_word' id='word_1_265' title='bbox 361 4079 430 4166; x_wconf 86' lang='lat' dir='ltr'>illa</span> <span class='ocrx_word' id='word_1_266' title='bbox 444 4079 649 4194; x_wconf 86' lang='lat' dir='ltr'>deprelfio,</span> <span class='ocrx_word' id='word_1_267' title='bbox 662 4103 708 4162; x_wconf 88' lang='lat' dir='ltr'>ut</span> <span class='ocrx_word' id='word_1_268' title='bbox 719 4075 1007 4164; x_wconf 78' lang='lat' dir='ltr'>validior&#39;ittus</span> <span class='ocrx_word' id='word_1_269' title='bbox 1020 4075 1207 4196; x_wconf 87' lang='lat' dir='ltr'>sequatur</span> <span class='ocrx_word' id='word_1_270' title='bbox 1216 4111 1228 4172; x_wconf 88' lang='lat'>3</span> <span class='ocrx_word' id='word_1_271' title='bbox 1240 4109 1374 4192; x_wconf 89' lang='lat' dir='ltr'>neque</span> <span class='ocrx_word' id='word_1_272' title='bbox 1389 4093 1520 4191; x_wconf 37' lang='lat' dir='ltr'>enims,</span> 
     </span>
     <span class='ocr_line' id='line_1_35' title="bbox 130 4190 1516 4322; baseline 0.004 -42"><span class='ocrx_word' id='word_1_273' title='bbox 130 4195 286 4309; x_wconf 86' lang='lat' dir='ltr'>tigillus</span> <span class='ocrx_word' id='word_1_274' title='bbox 304 4193 329 4280; x_wconf 77' lang='lat' dir='ltr'>d</span> <span class='ocrx_word' id='word_1_275' title='bbox 347 4191 418 4280; x_wconf 92' lang='lat' dir='ltr'>luo</span> <span class='ocrx_word' id='word_1_276' title='bbox 435 4225 540 4293; x_wconf 87' lang='lat' dir='ltr'>axe,</span> <span class='ocrx_word' id='word_1_277' title='bbox 562 4191 631 4278; x_wconf 89' lang='lat' dir='ltr'>cui</span> <span class='ocrx_word' id='word_1_278' title='bbox 651 4195 865 4290; x_wconf 89' lang='lat' dir='ltr'>innititur,</span> <span class='ocrx_word' id='word_1_279' title='bbox 884 4199 1053 4280; x_wconf 90' lang='lat' dir='ltr'>omnino</span> <span class='ocrx_word' id='word_1_280' title='bbox 1070 4191 1276 4312; x_wconf 78' lang='lat' dir='ltr'>aqualiter</span> <span class='ocrx_word' id='word_1_281' title='bbox 1289 4190 1516 4322; x_wconf 56' lang='lat' dir='ltr'>dittiditut,&#39;&#39;P</span> 
     </span>
     <span class='ocr_line' id='line_1_36' title="bbox 127 4305 1654 4428; baseline 0.001 -28"><span class='ocrx_word' id='word_1_282' title='bbox 127 4309 199 4400; x_wconf 90' lang='lat' dir='ltr'>sed</span> <span class='ocrx_word' id='word_1_283' title='bbox 211 4309 264 4398; x_wconf 89' lang='lat' dir='ltr'>ab</span> <span class='ocrx_word' id='word_1_284' title='bbox 278 4339 330 4397; x_wconf 89' lang='lat' dir='ltr'>eo</span> <span class='ocrx_word' id='word_1_285' title='bbox 338 4305 592 4426; x_wconf 88' lang='lat' dir='ltr'>aliquantulo</span> <span class='ocrx_word' id='word_1_286' title='bbox 605 4313 797 4394; x_wconf 87' lang='lat' dir='ltr'>remotior</span> <span class='ocrx_word' id='word_1_287' title='bbox 808 4305 867 4392; x_wconf 85' lang='lat' dir='ltr'>est</span> <span class='ocrx_word' id='word_1_288' title='bbox 878 4309 1068 4408; x_wconf 86' lang='lat' dir='ltr'>malleus,</span> <span class='ocrx_word' id='word_1_289' title='bbox 1085 4307 1208 4425; x_wconf 68' lang='lat' dir='ltr'>quim</span> <span class='ocrx_word' id='word_1_290' title='bbox 1225 4312 1405 4428; x_wconf 81' lang='lat' dir='ltr'>opposita</span> <span class='ocrx_word' id='word_1_291' title='bbox 1422 4310 1519 4404; x_wconf 62' lang='lat' dir='ltr'>exss.</span> <span class='ocrx_word' id='word_1_292' title='bbox 1644 4409 1654 4420; x_wconf 55' lang='grc'>,</span> 
     </span>
     <span class='ocr_line' id='line_1_37' title="bbox 127 4421 1518 4540; baseline 0.004 -29"><span class='ocrx_word' id='word_1_293' title='bbox 127 4425 334 4528; x_wconf 76' lang='lat' dir='ltr'>eremitas,</span> <span class='ocrx_word' id='word_1_294' title='bbox 377 4421 711 4540; x_wconf 82' lang='lat' dir='ltr'>uaedeptimitttt:</span> <span class='ocrx_word' id='word_1_295' title='bbox 726 4453 774 4510; x_wconf 91' lang='lat' dir='ltr'>ac</span> <span class='ocrx_word' id='word_1_296' title='bbox 788 4423 959 4540; x_wconf 91' lang='lat' dir='ltr'>proinde</span> <span class='ocrx_word' id='word_1_297' title='bbox 970 4429 1030 4510; x_wconf 90' lang='lat' dir='ltr'>vis</span> <span class='ocrx_word' id='word_1_298' title='bbox 1046 4422 1156 4508; x_wconf 89' lang='lat' dir='ltr'>illam</span> <span class='ocrx_word' id='word_1_299' title='bbox 1164 4423 1392 4540; x_wconf 87' lang='lat' dir='ltr'>deprimens</span> <span class='ocrx_word' id='word_1_300' title='bbox 1407 4459 1497 4518; x_wconf 82' lang='lat' dir='ltr'>ma·</span> <span class='ocrx_word' id='word_1_301' title='bbox 1515 4517 1518 4537; x_wconf 72' lang='grc'>,</span> 
     </span>
     <span class='ocr_line' id='line_1_38' title="bbox 125 4536 1518 4658; baseline 0.001 -32"><span class='ocrx_word' id='word_1_302' title='bbox 125 4544 189 4654; x_wconf 80' lang='lat' dir='ltr'>jor</span> <span class='ocrx_word' id='word_1_303' title='bbox 202 4543 284 4642; x_wconf 88' lang='lat' dir='ltr'>est,</span> <span class='ocrx_word' id='word_1_304' title='bbox 331 4573 425 4628; x_wconf 87' lang='lat' dir='ltr'>uam</span> <span class='ocrx_word' id='word_1_305' title='bbox 442 4537 688 4650; x_wconf 87' lang='lat' dir='ltr'>fitigillusin</span> <span class='ocrx_word' id='word_1_306' title='bbox 753 4567 830 4626; x_wconf 90' lang='lat' dir='ltr'>rtes</span> <span class='ocrx_word' id='word_1_307' title='bbox 849 4538 1357 4656; x_wconf 83' lang='lat' dir='ltr'>aequalesdistinguetetut.</span> <span class='ocrx_word' id='word_1_308' title='bbox 1380 4536 1518 4658; x_wconf 66' lang='lat' dir='ltr'>Sinti-j</span> 
     </span>
     <span class='ocr_line' id='line_1_39' title="bbox 126 4569 1521 4786; baseline -0.004 -34"><span class='ocrx_word' id='word_1_309' title='bbox 126 4660 220 4752; x_wconf 83' lang='lat' dir='ltr'>liter</span> <span class='ocrx_word' id='word_1_310' title='bbox 238 4664 285 4748; x_wconf 89' lang='lat' dir='ltr'>in</span> <span class='ocrx_word' id='word_1_311' title='bbox 296 4573 582 4786; x_wconf 18' lang='lat' dir='ltr'>selliumtmotu</span> <span class='ocrx_word' id='word_1_312' title='bbox 591 4569 769 4776; x_wconf 72' lang='lat' dir='ltr'>prmiin</span> <span class='ocrx_word' id='word_1_313' title='bbox 779 4657 1049 4776; x_wconf 87' lang='lat' dir='ltr'>comparanda</span> <span class='ocrx_word' id='word_1_314' title='bbox 1060 4655 1120 4740; x_wconf 89' lang='lat' dir='ltr'>est</span> <span class='ocrx_word' id='word_1_315' title='bbox 1133 4681 1228 4740; x_wconf 83' lang='lat' dir='ltr'>rotat</span> <span class='ocrx_word' id='word_1_316' title='bbox 1240 4651 1521 4784; x_wconf 55' lang='lat' dir='ltr'>semidiatm&#39;ff„</span> 
     </span>
    </p>
   </div>
   <div class='ocr_carea' id='block_1_3' title="bbox 155 4771 1244 4911">
    <p class='ocr_par' dir='ltr' id='par_1_3' title="bbox 155 4771 1244 4911">
     <span class='ocr_line' id='line_1_40' title="bbox 155 4771 1244 4911; baseline 0.009 -31"><span class='ocrx_word' id='word_1_317' title='bbox 155 4833 251 4884; x_wconf 57' lang='lat' dir='ltr'>J</span> <span class='ocrx_word' id='word_1_318' title='bbox 281 4835 298 4911; x_wconf 50' lang='grc' dir='ltr'>»ς</span> <span class='ocrx_word' id='word_1_319' title='bbox 492 4839 497 4848; x_wconf 91' lang='lat'><em>-</em></span> <span class='ocrx_word' id='word_1_320' title='bbox 1001 4771 1164 4864; x_wconf 59' lang='lat' dir='ltr'>Alsa</span> <span class='ocrx_word' id='word_1_321' title='bbox 1221 4804 1244 4890; x_wconf 83' lang='lat' dir='ltr'>t</span> 
     </span>
    </p>
   </div>
   <div class='ocr_carea' id='block_1_4' title="bbox 75 5007 149 5092">
    <p class='ocr_par' dir='ltr' id='par_1_4' title="bbox 75 5007 149 5092">
     <span class='ocr_line' id='line_1_41' title="bbox 75 5007 149 5036; baseline 0 -10"><span class='ocrx_word' id='word_1_322' title='bbox 75 5027 81 5036; x_wconf 75' lang='grc'><strong>,</strong></span> <span class='ocrx_word' id='word_1_323' title='bbox 121 5007 149 5032; x_wconf 48' lang='grc' dir='ltr'>,ψ</span> 
     </span>
     <span class='ocr_line' id='line_1_42' title="bbox 123 5055 149 5092; baseline 0 0"><span class='ocrx_word' id='word_1_324' title='bbox 123 5055 149 5092; x_wconf 68' lang='lat' dir='ltr'>u</span> 
     </span>
    </p>
   </div>
   <div class='ocr_carea' id='block_1_5' title="bbox 0 0 1904 5266">
    <p class='ocr_par' dir='ltr' id='par_1_5' title="bbox 0 0 1904 5266">
     <span class='ocr_line' id='line_1_43' title="bbox 0 0 1904 5266; baseline 0 12"><span class='ocrx_word' id='word_1_325' title='bbox 0 0 1904 5266; x_wconf 95' lang='lat' dir='ltr'> </span> 
     </span>
    </p>
   </div>
  </div>
 </body>
</html>
