3918 5262
550 208 913 362 Liberpn'mus.
948 210 1161 332 CAPur
1185 217 1273 333 II.=
1499 247 1603 358 na

202 377 247 462 in
262 374 359 459 astu
371 364 1585 492 secundogravitareautlevitaretuncsolumdixeris,quan.

204 487 259 575 do
275 489 346 574 iila
361 491 413 573 in
435 488 575 574 locum
591 519 679 572 non
693 485 809 572 suum
823 485 1009 570 transsata
1029 513 1100 569 aut
1112 484 1355 572 descendere
1371 519 1582 608 expetunt,
1646 551 1648 556 -

208 631 276 690 aut
296 600 544 703 ascendere,
564 603 629 694 vei
646 633 688 688 re
702 607 825 688 etiarn
850 597 936 720 ipsi
952 599 1206 686 descendunt
1224 662 1237 699 ‚
1257 629 1327 685 aut
1346 603 1582 708 ascendunt,

212 749 294 803 non
317 721 545 804 admodum
566 717 826 834 repugnab03
842 710 969 802 modd
997 743 1190 830 conatum
1208 713 1346 816 illum,
1360 749 1442 832 quo
1457 719 1495 806 se
1511 719 1584 808 suo

214 861 399 919 tutantur
411 833 580 934 inloto,
592 837 923 945 gravitationem,
940 841 980 916 δι
998 829 1277 918 levitationem
1289 830 1582 926 salteminatru

213 953 344 1066 primo
357 1010 369 1046 ,
383 977 457 1032 aut
474 953 623 1064 pariter
639 948 778 1034 asseras
791 1010 803 1046 ,
816 977 887 1031 aut
903 949 1052 1062 pariter
1073 975 1209 1060 neges.
1310 959 1316 968 ’

271 1059 401 1149 Porrd
421 1092 555 1148 motus
570 1069 701 1148 omnis
715 1067 922 1176 gravium,
935 1071 977 1148 δι
989 1055 1258 1152 levitunfieut
1271 1067 1313 1150 in
1327 1091 1456 1154 vacuo
1467 1099 1581 1160 exer·

216 1185 299 1266 ceri
317 1209 403 1262 non
418 1177 550 1292 potest
572 1184 643 1276 (ut
657 1183 702 1264 in
717 1194 831 1260 Vacuo
843 1170 1032 1283 proscripto
1043 1199 1302 1288 caparrum
1319 1182 1503 1284 ostendi)
1527 1195 1582 1274 ita

203 1295 407 1379 ,inmedio
425 1296 495 1394 sit,
515 1293 578 1380 vel
594 1293 769 1393 tardius,
783 1293 846 1378 vel
864 1291 1005 1392 citiits,
1018 1292 1103 1380 tiam
1117 1323 1190 1408 pro
1202 1300 1342 1408 majori
1355 1299 1418 1391 vel
1433 1307 1582 1390 minori

215 1411 336 1526 ipsius
347 1411 470 1523 medij
492 1409 771 1496 resistentia-ad
783 1406 1001 1497 scissionem
1010 1417 1185 1522 partium
1199 1416 1324 1522 magis
1337 1452 1348 1511 ‚·
1363 1415 1426 1499 vel
1446 1418 1581 1505 minias

218 1555 493 1610 connexarum
515 1587 527 1624 ,
557 1525 647 1610 titur
669 1523 898 1638 comparatas
930 1529 1128 1635 gravitate
1147 1526 1217 1608 seu
1232 1524 1397 1612 levitate
1416 1533 1581 1624 mobilis

216 1671 314 1725 curn
338 1639 505 1724 levitate
530 1635 598 1724 seu
617 1645 812 1752 gravitate
838 1639 974 1752 medij.
1019 1640 1135 1724 Hinc
1154 1639 1222 1726 est·
1230 1641 1420 1750 gravibus
1446 1649 1581 1735 minus
1630 1647 1632 1652 ’

214 1753 394 1840 refistere
409 1754 583 1854 leviora,
601 1759 729 1868 magis
744 1747 843 1839 verd
860 1814 872 1852 ‚
887 1783 977 1868 quae
999 1751 1134 1840 minias
1150 1751 1255 1838 levia
1267 1815 1286 1861 „
1303 1767 1454 1844 caeteris
1472 1769 1580 1878 pari-

148 1876 153 1892 '
215 1870 292 1956 bus
306 1907 317 1952 ι
331 1869 385 1953 stc
397 1870 611 1956 at'irminiu
630 1867 772 1956 resistit
783 1868 906 1983 lapidi
918 1869 1093 1967 cadenti,
1106 1862 1270 1983 qudmsr
1288 1871 1581 1991 idemlapisin-

215 1992 372 2100 ciperet
392 1991 550 2071 moveri
583 1991 627 2068 in
649 1984 789 2098 aqud,
819 2013 908 2099 quae
942 1981 1076 2070 minias
1102 1983 1201 2066 levis
1226 1981 1285 2068 est
1309 2046 1320 2083 ,
1348 1986 1469 2101 quarn
1500 2005 1580 2078 ae'r.

214 2105 278 2186 Ex
294 2101 479 2214 opposito
497 2116 635 2184 autem
654 2099 812 2186 levibus
827 2099 1011 2210 graviora
1028 2096 1162 2182 minias
1175 2098 1382 2199 resistunt,
1399 2133 1488 2218 quae
1505 2139 1581 2192 au.

216 2245 302 2301 tem
326 2215 461 2303 minias
482 2221 650 2326 gravia,
677 2218 805 2326 magis
829 2211 1042 2296 tefistuntt
1068 2213 1121 2296 sit
1150 2212 1354 2298 exhalatio
1375 2246 1425 2303 ex
1450 2219 1582 2308 fundo

216 2359 359 2446 aqua,
375 2337 418 2415 in
432 2329 558 2416 vitreas
570 2329 706 2445 phialas
716 2331 766 2414 ad
784 2334 922 2442 ignem
938 2331 1136 2444 expositi,
1150 2355 1226 2444 per
1235 2361 1382 2448 aquam
1402 2333 1582 2425 ascendit

215 2445 425 2543 velocius,
449 2443 572 2561 quim
585 2446 735 2532 deinde
755 2473 868 2530 extra
891 2475 1040 2558 aquarn
1055 2449 1183 2560 posita
1204 2444 1393 2533 ascendat
1410 2455 1454 2534 in
1474 2466 1580 2553 aere,

216 2561 481 2648 ubifumearn
491 2591 674 2646 naturam
691 2561 882 2645 induerit„
925 2559 1041 2648 Unde
1053 2589 1164 2674 patet
1178 2591 1261 2645 non
1283 2559 1388 2647 aded
1412 2563 1582 2656 solidum

210 2677 268 2764 ab
283 2675 487 2792 aliquibus
505 2707 556 2761 ex
576 2677 658 2762 hoc
678 2679 957 2790 experimento
982 2673 1082 2762 sumi
1104 2703 1387 2789 argumentum
1403 2686 1582 2792 negandi
1639 2715 1641 2724 ⁴

209 2793 428 2910 positivam
440 2792 657 2876 levitatem.
703 2798 809 2902 Qae
823 2796 934 2874 enim
946 2792 998 2876 de
1010 2790 1199 2902 gravibus
1212 2821 1266 2876 ex
1283 2802 1581 2908 comparatione
1640 2825 1642 2832 ·

214 2907 708 3006 cumlevibusdicuntur‚
725 2934 773 2998 ea
790 2906 842 2992 de
858 2904 1016 2990 levibus
1028 2967 1043 3002 ,,
1054 2911 1311 3020 proportione
1327 2905 1478 2996 ferme
1490 2973 1500 3010 ,
1514 2915 1582 3014 di.-

213 3023 347 3109 tenda
362 3017 475 3121 sunt,
492 3021 626 3106 ficum
638 3019 827 3133 gravibus
842 3019 1112 3108 conferantur.
1139 3023 1227 3104 Cur
1240 3049 1376 3106 aurem
1390 3027 1584 3136 gravibus

212 3138 392 3234 leviora,
413 3133 571 3222 levibus
584 3141 768 3249 graviora
778 3135 914 3219 minias
933 3134 1140 3232 resistant,
1156 3141 1256 3220 ratio
1273 3135 1351 3234 est,
1372 3145 1468 3250 quia
1489 3173 1580 3226 nto-

214 3252 299 3340 bile
312 3253 699 3336 moveturinmedio
709 3249 1238 3364 propterdiffimilitudiuem
1249 3284 1260 3342 ς
1277 3281 1369 3335 uam
1390 3256 1587 3372 ficorpue
1609 3291 1612 3298 ¹

206 3371 461 3480 ,contiguum
474 3363 591 3464 esset,
607 3365 729 3450 fimile
741 3395 827 3448 nun
850 3392 1079 3448 moveretur
1101 3398 1113 3457 5
1135 3368 1303 3476 quando
1315 3371 1439 3476 igitur
1454 3378 1587 3490 major
1612 3425 1622 3436 -

212 3483 277 3568 est
289 3481 575 3579 diffunditud0‚
587 3481 712 3566 debet
724 3475 902 3564 velocius
918 3483 1082 3576 moveri,
1096 3477 1255 3589 segnius
1269 3509 1417 3580 autern,
1436 3493 1476 3570 ὃς
1490 3487 1580 3570 len.

212 3597 297 3684 tius
310 3659 322 3696 ,
336 3594 423 3712 qud
434 3595 597 3715 propius
619 3593 730 3682 abest
748 3591 1065 3692 dstmilitudine2
1082 3594 1213 3680 donec
1225 3597 1268 3687 in
1280 3593 1395 3682 sunili
1413 3603 1585 3720 demum

210 3711 411 3830 quiescat.
705 3819 707 3824 k
1159 3730 1172 3749 ’
1209 3807 1211 3812 ,
1376 3790 1380 3806 ,

255 3829 326 3915 Est
342 3833 481 3945 iraque
491 3823 779 3947 incorporibus
790 3825 1354 3948 gravitas,&sevitas‚vicujus
1364 3863 1496 3918 nrottn
1508 3833 1578 3918 asi-

211 3949 437 4061 quosjuxta
448 3973 598 4032 natura
609 3945 917 4062 propenfionern
933 3950 1163 4062 perficiunt,
1173 3975 1218 4030 ut
1230 3951 1584 4066 certodeniquein·

209 4061 306 4146 loco
323 4059 540 4146 consistant
550 4060 834 4176 ‚ejusdemque
856 4065 896 4146 vi
912 4060 1115 4161 resistunt,
1132 4093 1183 4145 ne
1199 4065 1388 4178 oppositis
1402 4064 1586 4150 motibus.

212 4171 590 4274 citantur‚&dsuae
599 4175 1092 4292 quietislocoaveslantur.
1107 4181 1460 4289 'Quamvisautem
1475 4181 1585 4267 eade·

210 4319 375 4376 maneat
383 4293 558 4404 gravitas
567 4319 639 4374 aut
647 4291 802 4387 levitas,
814 4321 898 4375 non
909 4291 980 4376 id'e‘
989 4319 1124 4376 tamen
1135 4294 1194 4376 est
1204 4289 1358 4406 semper
1369 4301 1583 4384 'nromentti

216 4408 391 4504 (Graecis
402 4397 1584 4504 &nathocestartmliradmotuminclinadoduminauio*

206 4521 360 4615 occist
375 4521 660 4618 lezceninam
675 4521 781 4606 insta
795 4521 1011 4634 patebitsut
1028 4523 1247 4636 plurimum
1260 4551 1311 4605 ex
1325 4523 1583 4636 pos-tione&

216 4635 1111 4754 sumuntur,ae1·eomparattadnedit‚in
1121 4665 1203 4753 quo
1215 4637 1423 4750 perficitur
1432 4667 1582 4726 motus,
