3808 5262
343 215 461 324 '200
651 235 657 242 '
711 233 715 240 '
832 199 1251 328 Mechanicorum
1309 228 1313 237 '
1373 272 1377 282 ·
1423 234 1433 308 .’
1501 229 1508 311 1

356 377 440 464 scio
458 401 545 462 non
561 370 618 460 ad
633 397 727 458 eam
745 367 976 460 distantiam
990 377 1220 494 promoveri
1236 362 1345 488 poll'e
1367 369 1532 456 Pondus
1544 372 1733 464 adlusit·
1890 354 1894 365 ¹

358 489 536 582 secundo
550 491 632 574 hoc
642 490 966 604 venenoqunn
978 517 1283 606 promoveretur
1295 489 1423 580 Vtile
1432 485 1737 601 palmommzrz·

358 606 517 698 Verlam
532 603 601 698 lrlc
621 600 703 690 sola
716 605 910 694 movendi
926 603 1098 694 facilitas
1110 605 1400 690 consideratur.
1442 599 1625 720 Qddsr
1646 637 1733 692 non

354 722 529 813 alterum
545 724 716 810 Vestem
728 717 923 808 adhibeas
937 753 949 814 3
965 716 1031 805 sed
1048 718 1158 804 aliud
1176 717 1378 804 facultatis
1395 745 1548 830 genus,
1564 747 1611 804 ut
1622 725 1734 806 Tro-

264 839 270 846 ’
343 835 497 926 ἐὴίεαε
511 837 619 926 binis
637 834 829 926 orbiculis
844 833 1075 934 instrudas,
1094 847 1139 922 dt
1154 839 1271 922 Veni
1293 840 1338 916 in
1353 832 1734 922 locoP0tentiaead·

194 967 222 1000 “
359 985 484 1048 nexas
499 973 514 1056 ,'
534 948 668 1046 multd
688 951 826 1035 adhuc
844 949 1002 1048 facilius
1015 947 1247 1036 movebitur
1261 950 1450 1046 Pondus,
1466 953 1530 1063 cuj
1537 981 1581 1034 us
1599 979 1735 1036 motus

357 1075 438 1158 erit
455 1064 767 1182 suvagecuplus
783 1059 919 1150 motils
933 1069 1136 1162 ‚Potentiae
1163 1064 1306 1152 sunem
1329 1063 1625 1152 Trochlearum
1649 1093 1732 1150 tra-
1770 1111 1779 1128 ·

362 1187 528 1284 inentis,
546 1196 589 1271 δι
607 1209 742 1268 tantus
756 1184 833 1264 erit
851 1180 1046 1276 Ponderis
1061 1209 1217 1280 motus,
1232 1207 1411 1298 quantus
1422 1175 1545 1277 esset,
1562 1181 1738 1266 srextte-

360 1304 493 1388 mitari
515 1302 652 1387 vestis
672 1293 898 1415 palmorum
929 1293 996 1390 sex
1015 1325 1285 1412 apponeretur
1311 1300 1498 1380 Potentia
1511 1296 1739 1412 quadrupla

359 1419 464 1505 datae
493 1417 702 1508 Potentiae,
750 1413 868 1506 Idem
896 1410 1097 1536 planede
1121 1418 1273 1504 caeteris
1300 1411 1524 1506 dicendum
1552 1414 1739 1502 Factrlta-

361 1534 483 1620 tibus.
1580 1611 1585 1620 .

419 1652 538 1735 Hine
555 1645 811 1734 manifestum
828 1644 888 1732 est
902 1646 1131 1760 compositis
1144 1643 1292 1742 tribus,
1303 1671 1528 1760 quatuorve
1540 1706 1551 1742 ,
1564 1673 1634 1730 aut
1647 1645 1739 1761 plu·
1791 1709 1796 1716 -

361 1764 473 1852 ribus
484 1761 783 1862 facultatibus,
800 1765 1021 1850 Rationem
1034 1759 1310 1878 Composuam
1329 1787 1462 1846 motus
1480 1765 1671 1880 potentia
1686 1762 1739 1856 ad

362 1907 522 1968 motum
541 1877 841 1968 Ponderis'lieri
856 1873 989 1964 multd
1006 1879 1227 1994 majorenir
1244 1878 1313 1964 cui
1332 1875 1359 1960 sr
1376 1877 1573 1990 equalem
1588 1880 1737 1964 Ratio-

363 2025 460 2082 nem
486 1994 639 2080 lrabere
661 1993 832 2082 velimus
859 1992 982 2078 unicrl
1003 2021 1127 2110 atque
1153 1990 1323 2104 simplici
1342 1991 1582 2090 Facultate,
1614 1992 1755 2084 ltu'us,

363 2110 692 2222 magnitudinem
708 2109 928 2224 aliquando
942 2137 1153 2198 enormem
1176 2105 1262 2192 fieri
1281 2100 1439 2194 necesse
1458 2103 1580 2201 essert
1599 2135 1645 2192 ut
1662 2023 1741 2194 suis

360 2223 462 2314 locis
480 2219 587 2310 infra
601 2221 882 2344 declarabitur.
1897 2295 1898 2298 t

421 2347 470 2432 In
487 2369 539 2430 eo
555 2344 682 2452 igitur
700 2338 884 2426 elucebit
908 2341 1205 2432 Machinatorls
1223 2335 1419 2426 Industria
1431 2399 1443 2434 ,
1457 2336 1494 2420 ·s1
1514 2339 1742 2444 Facultates
1897 2339 1898 2424 l

365 2453 466 2544 isas
481 2455 577 2574 apte
592 2482 947 2569 congruenterque
958 2453 1304 2574 disponat‚2tqtte
1374 2449 1744 2570 rmisceat,speela-
1897 2491 1898 2560 ;

368 2487 408 2660 tl
431 2575 606 2658 matetiae
632 2569 853 2671 soliditate,
874 2573 984 2692 spatij
1006 2567 1297 2688 amplitudine‚·
1313 2481 1507 2654 lltcmderis
1531 2571 1744 2690 positione,
1897 2569 1898 2582 Ν

366 2691 565 2782 Potentiae
578 2690 752 2789 virtute,
774 2691 965 2804 temporis
979 2688 1033 2773 ad
1052 2689 1302 2774 movendum
1321 2685 1491 2770 cont-effi
1503 2697 1745 2802 opportuni·

368 2831 473 2890 tate:
488 2803 576 2892 haec
592 2807 704 2890 enim
717 2805 854 2886 omnia
872 2801 1127 2892 attentissime
1140 2801 1430 2918 perpendenda
1447 2797 1631 2900 suntrne,
1644 2805 1747 2908 dum

274 2940 278 2946 '
368 2921 489 3006 nimis
516 2915 684 3008 sollicite
707 2916 887 3003 laborem
902 2922 1144 3007 imminuere
1167 2917 1324 3013 studet,
1340 2943 1496 3002 motum
1515 2917 1607 3036 plus
1624 2949 1746 3034 aequo

369 3031 642 3132 imminuens,
660 3034 959 3150 tardioremque
981 3035 1375 3146 effitienstemporis
1391 3036 1586 3148 januum
1608 3033 1744 3134 saciat,

369 3179 442 3240 aut
452 3165 585 3238 totum
598 3145 769 3264 spatium
781 3151 972 3246 machina
984 3148 1156 3264 implens
1166 3153 1210 3231 ln
1223 3149 1290 3232 eas
1303 3147 1506 3258 angustias
1515 3152 1747 3240 Potentiam

368 3293 604 3358 moventem
625 3267 821 3386 eondeIat
843 3327 856 3373 ,
888 3293 935 3358 ut
956 3293 1112 3362 motum
1128 3262 1320 3388 expedite
1336 3264 1531 3387 perlicere
1547 3293 1739 3384 nequeat.

735 3654 1121 3770 ,CAPUT
1200 3659 1371 3771 VIII.

441 3924 546 4030 Cur
560 3925 764 4058 majores
771 3921 905 4029 Rota
919 3944 1104 4032 motum
1112 3903 1305 4062 juvent
1307 3943 1400 4074 pm
1416 3907 1694 4038 minoribus.

375 4191 600 4410 ONera
620 4187 715 4298 srex
728 4188 808 4274 alio
822 4193 865 4276 in
879 4190 1004 4279 alium
1019 4189 1157 4278 locum
1167 4191 1417 4308 deportanda
1430 4191 1604 4287 fuerint,
1620 4195 1752 4301 gerni·

358 4369 360 4383 .
489 4334 543 4390 no
559 4304 696 4394 labore
723 4335 824 4425 opus
841 4305 927 4406 est,
950 4337 1102 4398 conatu
1122 4309 1341 4408 videlieet,
1359 4337 1444 4428 quo
1469 4304 1750 4406 sustineantur,

377 4425 587 4539 &impetu
601 4483 613 4520 ,
629 4453 713 4540 quo
723 4424 1013 4512 transferantur
1026 4462 1035 4508 ε
1049 4419 1261 4542 proptered
1276 4421 1395 4510 satius
1407 4422 1535 4510 estita
1546 4449 1609 4510 res
1620 4419 1752 4538 dispo·

376 4565 473 4623 nete
486 4597 497 4635 ,
512 4564 558 4620 ut
569 4543 825 4628 viresomnes
844 4542 895 4628 ad
912 4540 1235 4628 transferendum
1247 4569 1535 4640 exerceantur,
1554 4533 1658 4624 citri
1674 4570 1750 4624 co·
1769 4546 1773 4560 '

362 4677 518 4742 natum
530 4649 748 4745 sustinendi
760 4683 833 4762 rut
841 4657 892 4752 erl
902 4659 1058 4744 ratione
1068 4655 1132 4744 vel
1148 4658 1311 4774 gratim
1326 4684 1430 4747 onus
1443 4655 1510 4744 vel
1521 4657 1632 4776 idem
1643 4655 1754 4742 mul·

407 4815 411 4826 =
1701 4799 1716 4854 t
