3708 5274
168 194 170 200 '
364 188 473 292 660
836 164 1258 292 Methamco'rum
1354 212 1360 222 '

352 323 492 438 Radix
508 341 722 460 quadrata,
737 349 779 428 dt
794 335 909 425 dabit
922 331 1278 448 semiperimetrum
1291 346 1444 465 Ellipsrs
1459 352 1541 442 1312·
1554 355 1593 440 C
1604 365 1730 473 proxi·

348 490 465 559 mam
479 465 579 544 vert't
595 519 608 556 ,
626 483 715 572 quae
733 485 785 544 ex
800 455 878 566 jam
892 451 996 538 datis
1010 449 1150 538 estilla
1163 463 1333 562 eadem,
1354 496 1480 582 quam
1492 471 1616 586 paulo
1635 477 1728 561 ante

357 579 590 668 invenimus
602 605 656 680 34
667 563 726 686 iti·

303 805 310 818 ἱ
417 707 531 792 Hinc
556 707 680 820 igitur
695 701 953 790 innotescunt
972 734 1178 792 momenta
1194 705 1425 826 hujusmodl
1443 725 1596 822 cunei,
1619 755 1726 808 com.

356 830 504 940 paratis
523 831 629 906 inter
648 817 688 908 se
711 821 851 918 lineis,
872 821 1188 934 qua—definiunt
1205 855 1362 916 motum
1391 835 1590 950 ponderis,
1612 867 1728 955 atque
1837 903 1838 942 ξ

357 939 550 1057 potentiae
567 940 756 1053 spondas
776 939 887 1020 enirn
909 965 1096 1022 movetur
1110 941 1225 1046 juxta
1248 941 1396 1031 lineam
1415 949 1530 1048 AC,
1553 964 1727 1068 potentia
1837 1023 1838 1038 r

285 1103 290 1110 ·
349 1083 496 1154 autem
511 1059 624 1163 juxta
636 1049 1002 1166 semiperiphetiatn
1015 1051 1201 1168 cylindri,
1213 1087 1411 1170 quatenus
1426 1068 1620 1152 videlicet
1636 1097 1727 1184 Ρη.

321 1165 324 1173 ’
355 1169 442 1254 eise
467 1199 588 1284 atque
605 1165 836 1284 simplicitet
852 1169 1005 1248 ratione
1028 1167 1153 1280 ipsius
1162 1180 1282 1256 cunei
1299 1205 1433 1262 motus
1450 1179 1507 1264 illi
1527 1191 1727 1269 convenit
1837 1177 1838 1202 ³

359 1284 517 1372 Veritm
533 1287 725 1398 quianon
741 1278 861 1365 sacili
874 1285 1053 1392 potentia
1066 1281 1291 1396 applicatur
1302 1293 1486 1402 proxime
1508 1284 1728 1412 superficiei

358 1399 591 1514 cylindri&
607 1398 743 1504 saepius
754 1397 920 1508 expedit
932 1402 1117 1501 potentiae
1129 1429 1490 1520 momentaaugere
1499 1445 1510 1505 ς
1523 1441 1729 1526 propterea

180 1546 182 1554 ’
255 1599 261 1604 ,
357 1514 556 1627 Cylindro
578 1509 919 1626 infigiturVeffls
946 1512 1081 1610 MN,
1106 1515 1218 1622 cujus
1239 1515 1454 1633 longitudo
1470 1525 1727 1612 delirnrituti
1837 1533 1838 1540 '

348 1637 536 1748 puncto,
554 1629 625 1714 ubi
642 1629 711 1712 ille
724 1625 928 1710 concurrit
941 1655 1035 1710 cum
1053 1632 1144 1713 Axe
1161 1629 1345 1743 Cylindri
1360 1699 1372 1732 ‚
1389 1638 1513 1754 usque
1530 1643 1582 1728 ad
1595 1674 1726 1728 extre·
1837 1683 1838 1742 r

357 1747 601 1856 mitatemN
613 1807 624 1843 ,
650 1745 717 1844 cui
739 1743 920 1856 potentia
943 1740 1178 1857 applicatur.
1211 1747 1325 1835 ‘Hac
1347 1781 1484 1840 autem
1501 1756 1726 1871 longitudo,

349 1843 551 1948 ⁴manente
565 1861 710 1944 eodem
731 1885 887 1951 cuneo,
913 1856 1021 1940 varia
1038 1859 1207 1944 omnino
1222 1857 1299 1946 elle
1314 1869 1468 1980 potest,
1486 1903 1608 1988 atque
1624 1871 1725 1958 aded
1837 1965 1838 1972 Ν

349 1981 550 2094 ‚potentia
564 1988 770 2064 momenta·
781 1967 1075 2084 repraesentabit
1094 1971 1187 2060 semi
1190 1984 1272 2092 p'eri
1275 1983 1415 2094 phe'ria
1426 1984 1572 2070 ‘circuli
1588 1987 1640 2072 ab
1652 2019 1724 2073 ex·
1837 1987 1838 2020 ³

360 2096 562 2200 tremitate
583 2093 628 2174 N
651 2084 838 2200 descripti
853 2143 864 2182 ,
881 2114 971 2199 quat
987 2094 1351 2208 comparandaerit
1368 2131 1462 2186 tum
1480 2131 1595 2186 motu
1610 2104 1727 2218 ipfius

358 2209 550 2322 ponderis
564 2205 614 2290 ab
633 2203 872 2316 obliquitate
886 2203 1070 2298 rectionis·
1080 2207 1275 2308 definito,
1291 2241 1335 2296 ut
1351 2214 1505 2301 diuum
1521 2217 1592 2302 est.

352 2391 373 2424 „
420 2329 478 2409 At
500 2317 756 2437 subdubitare
769 2314 994 2427 contingit,
1009 2319 1145 2412 utrum
1159 2325 1358 2425 eraffiore,
1374 2361 1426 2414 an
1440 2333 1653 2444 graciliore
1665 2367 1726 2448 cy·

357 2430 494 2537 lindro
508 2441 573 2546 uti
584 2431 794 2550 expediat,
809 2455 1000 2518 manente
1024 2432 1168 2532 eidem
1187 2440 1437 2558 obliquitatis
1450 2449 1724 2548 mensurdmt·

360 2585 443 2674 que
461 2551 603 2640 eidem
626 2555 749 2636 vedis
767 2545 1057 2658 longitudines
1083 2581 1220 2640 manet
1244 2558 1442 2672 siquidem
1468 2568 1612 2650 eadem
1638 2597 1725 2650 mo·

357 2685 481 2758 tuur'n
495 2669 615 2752 Ratio
627 2699 640 2759 3
654 2661 720 2750 sed
734 2667 870 2774 augeri
885 2665 1047 2748 videtur
1060 2698 1274 2785 corporum
1287 2677 1502 2766 ,conflictus
1516 2711 1566 2766 ex
1582 2711 1726 2766 mutuo

358 2786 482 2890 tritu,
497 2784 647 2871 namin
660 2778 837 2865 craffiore
854 2777 1039 2888 cylindro
1050 2785 1244 2891 majorest
1261 2789 1325 2874 elli
1328 2793 1438 2908 ptica
1456 2793 1726 2912 stemipttimc·

360 2928 447 2998 ter,
466 2893 589 3015 quim
605 2900 650 3006 in
664 2897 848 2980 tenuiore
863 2953 875 2990 ,
890 2922 935 2976 ut
950 2899 1208 2992 manifestum
1231 2903 1312 3003 est,
1336 2907 1363 2990 fi
1387 2915 1584 2996 methodo
1606 2911 1726 3028 pauld

360 3013 458 3102 ante
472 3005 648 3119 indicati
660 3040 721 3095 res
733 3009 783 3118 ad
798 3006 976 3106 calculos¹
988 3041 1222 3100 revocetur:
1241 3018 1502 3133 quamobrem
1516 3033 1728 3136 exmajore

362 3131 446 3218 hoc
470 3127 565 3212 tritu
587 3129 726 3238 augeri
745 3122 905 3227 videtur
917 3125 1131 3212 difficultas
1144 3138 1358 3234 movendi,
1378 3171 1470 3225 curn
1487 3171 1648 3250 maneat
1660 3176 1727 3228 ea-

361 3247 458 3332 dem
469 3241 646 3358 corporis
662 3247 858 3354 gravitas,
872 3241 1014 3326 eadem
1027 3251 1217 3356 potentiae
1232 3253 1379 3352 virtut,
1391 3257 1533 3341 eadem
1548 3287 1732 3344 motuum

352 3349 498 3460 Ratio.
529 3356 672 3469 Longe
692 3383 827 3442 tamen
846 3351 962 3476 aliter
982 3351 1020 3440 se
1034 3388 1095 3442 res
1109 3359 1233 3446 habet
1244 3397 1255 3458 ς
1272 3372 1605 3486 quandoquidem
1625 3377 1730 3459 duo-

363 3505 455 3560 rum
467 3501 679 3590 corpotum
695 3467 778 3554 sese
795 3473 971 3554 inv1eem
984 3469 1027 3554 in
1044 3503 1157 3558 motu
1170 3487 1495 3596 contingentium
1507 3489 1734 3590 conflictus,

364 3595 499 3708 quiex
513 3583 740 3704 superficiei
753 3583 961 3785 asperitate
974 3587 1207 3688 oriturlhic
1221 3603 1397 3796 copporis
1410 3607 1734 3692 uniusconatum

1310 3745 1331 3798 c

247 3783 250 3793 .
362 3705 552 3792 adversita
580 3701 690 3789 aliud
716 3705 757 3784 vi
800 3731 858 3784 uae
888 3708 1093 3815 gravitatis
1111 3735 1248 3793 mente
1284 3717 1550 3804 cernimus-ai
1570 3754 1733 3820 conant,
1837 3735 1838 3744 '

270 3839 273 3846 ⁴
365 3817 564 3938 quoillud
586 3813 741 3931 repellit
761 3816 925 3932 praecise
940 3817 982 3902 vi
1002 3819 1077 3904 suae
1092 3823 1209 3912 molis
1223 3853 1416 3946 tanquam
1434 3833 1639 3944 objestum
1656 3844 1734 3922 im-

291 3948 308 3970 “
349 3936 644 4054 'pedimentum
667 3991 679 4029 ‚
708 3933 857 4028 etiamsi
878 3933 1069 4022 adversita
1087 3934 1189 4022 illud
1205 3953 1513 4058 nongravitet)
1550 3955 1736 4040 confide-

365 4041 516 4135 randus
538 4047 845 4162 est,.,quatenus
866 4079 1010 4166 corpus
1033 4049 1247 4168 impulsum
1269 4061 1499 4150 adversatur
1521 4067 1741 4159 direslioni

363 4159 498 4256 motus
511 4195 561 4250 co
582 4167 687 4280 poris
701 4161 954 4276 impellentis.
971 4165 1156 4254 Hincest
1164 4173 1379 4264 minimum
1393 4176 1472 4265 else
1485 4183 1743 4291 conflictum,

353 4281 396 4374 ¹fi
406 4277 535 4388 antbae
556 4184 678 4374 inies
693 4273 730 4364 se
743 4283 788 4362 in
801 4277 924 4392 plano
938 4281 1130 4370 Verticali
1147 4295 1410 4406 contingant,
1432 4307 1476 4383 δι
1498 4297 1745 4392 alterutrum

349 4423 513 4512 *corpus
526 4395 726 4486 ineodem
736 4392 858 4509 plano
871 4395 1065 4486 Verticali
1080 4429 1416 4502 moveaturrnam
1427 4411 1635 4530 reliquum
1648 4421 1745 4506 cor-

366 4540 443 4624 pus
457 4541 542 4598 non
560 4508 790 4626 repelfitur‚
807 4509 904 4627 quia
919 4517 963 4598 in
977 4511 1080 4602 illud
1096 4545 1180 4602 non
1195 4515 1368 4634 incurrit
1381 4525 1493 4616 linea
1509 4532 1749 4625 directionis

368 4618 500 4716 moriar
516 4624 679 4714 alterius
691 4623 971 4742 torporis3se'd
981 4627 1358 4750 sollttnpruminulae
1372 4643 1588 4766 utriusque
1601 4681 1751 4772 corpo

581 4809 586 4816 ·
1694 4801 1749 4858 ns
