3918 5262
256 3101 259 3108 .
389 3024 437 3128 ,su
456 3025 724 3142 impediatur,
750 3017 942 3108 subsrstet.

1370 55 1391 104 ἱ

392 221 459 350 54
698 254 706 266 ·
787 249 792 262 ·
840 185 1287 343 Methanicorum,
1337 221 1345 230 “
1851 313 1859 322 ‚

439 355 621 479 -QOdfi
641 355 769 474 paries
784 351 967 440 exterius
977 352 1196 439 inclinatus
1209 358 1332 440 etiam
1347 349 1541 440 solitmius
1552 339 1767 446 consrstere
1875 357 1876 360 ‘

354 573 365 586 ,
396 477 547 602 pollet,
568 467 695 560 modi>
718 499 767 556 ea
782 464 879 554 effer
896 474 1071 586 partium
1097 479 1325 570 connexio,
1346 500 1392 554 ut
1408 501 1536 555 unum
1557 475 1657 588 quid
1673 473 1766 560 soli-

392 603 496 690 dum
512 591 766 686 conflarent,
789 589 883 702 quia
895 587 1128 672 directionis
1146 587 1253 671 linea
1271 593 1377 672 intra
1397 586 1523 672 bafim
1540 586 1766 674 sustentari„

387 711 619 806 reincudit,
640 717 681 794 δι
697 702 863 820 planum
877 730 950 817 per
964 729 1186 789 extremam
1202 703 1302 787 basis
1318 699 1479 802 lineam,
1493 715 1657 790 &terrac
1669 735 1767 791 cen-

392 861 503 918 trum
518 824 710 912 tranfiens
729 819 921 932 relinquit
935 823 1168 904 interiorem
1184 823 1345 934 parietis
1361 849 1514 934 partem
1528 823 1767 938 praeponde-

355 942 358 954 ’
392 975 550 1034 tantem
568 939 758 1027 exteriori
771 969 779 1017 ε
793 940 884 1050 quis
894 935 1007 1050 poffit
1020 937 1073 1020 de
1091 943 1209 1019 turris
1223 936 1338 1020 ruinal
1349 935 1560 1046 dubitare,
1584 938 1765 1023 fieddem

386 1060 593 1150 'methodo
607 1051 887 1168 deprehendat
903 1045 1074 1168 opposrti
1094 1055 1255 1170 parietis
1275 1055 1310 1136 A
1328 1053 1368 1136 G
1387 1081 1573 1136 centrum
1589 1059 1767 1170 gravita-

392 1185 445 1266 tis
467 1171 546 1262 elle
569 1180 613 1257 in
631 1175 696 1268 O,
714 1197 761 1252 ac
781 1169 952 1282 proinde
975 1170 1213 1284 comparatis
1239 1166 1487 1283 reliquorum
1502 1169 1676 1254 duorum
1694 1201 1769 1285 pa·

319 1361 322 1368 .
394 1301 543 1382 rietum
560 1289 708 1375 centris
722 1295 979 1396 gravitatum,
993 1292 1116 1368 totius
1133 1286 1251 1366 turris
1264 1297 1451 1367 centrum
1465 1288 1671 1398 gravitatis
1686 1281 1767 1369 eil'e

272 1477 275 1486 ι
390 1417 436 1498 in
454 1409 605 1495 intimis
624 1405 743 1488 turris
761 1398 965 1515 partibus?
981 1395 1082 1516 Qd
1106 1405 1230 1512 igitur
1241 1398 1393 1485 firmiirs
1408 1399 1479 1485 srbi
1503 1401 1769 1488 cohaerebunt

392 1555 525 1645 partes
542 1524 675 1616 turris,
688 1511 741 1602 ed
756 1518 884 1628 major
895 1518 972 1600 erit
985 1516 1209 1614 inclinatio,
1230 1545 1352 1631 quam
1365 1514 1550 1605 obtinere
1567 1517 1698 1632 potest
1711 1523 1766 1602 ti-

393 1673 455 1729 tra
472 1639 644 1728 cadendi
665 1629 903 1748 periculum.
954 1635 1001 1719 ld
1025 1633 1135 1747 quod
1157 1660 1290 1746 pueris
1311 1631 1402 1745 ipfis
1425 1632 1668 1718 notillimunt
1683 1633 1765 1736 est,

392 1764 464 1878 qui
491 1749 702 1841 turriculas
725 1745 939 1831 inclinatas
966 1751 1285 1844 architedlantur
1312 1778 1362 1832 ex
1390 1747 1540 1832 buxeis
1559 1749 1766 1849 orbiculis,

392 1875 540 1996 quibus
557 1875 599 1956 in
614 1863 771 1954 alveolo
782 1862 942 1949 ludunt.

979 1979 1031 2060 Et
1050 2003 1175 2064 utres
1196 1954 1271 2062 ista
1283 1977 1502 2094 planillimd
1515 1979 1764 2080 ostendatur,

454 2089 462 2100 ’
621 2049 669 2144 Ε
920 2095 970 2178 srt
992 2089 1107 2208 supra
1125 2095 1292 2211 planum
1312 2097 1553 2181 inclinatum
1572 2101 1673 2196 AB,
1694 2125 1765 2213 pa·

271 2201 285 2230 ⁴*
419 2277 461 2368 Α
922 2206 1253 2326 rallelepipedum
1288 2210 1470 2347 ligneum
1498 2218 1516 2300 l
1541 2214 1584 2294 D
1610 2217 1690 2349 ita3
1719 2240 1765 2296 ut

429 2108 852 2533 >ff-
920 2327 1764 2558 rrnfirllualrrmut:

436 2527 482 2620 F
562 2525 618 2621 K
656 2514 851 2708 CNH
922 2555 1080 2642 constat
1097 2589 1148 2644 ex
1166 2560 1281 2644 distis
1305 2587 1390 2675 cap·
1411 2567 1447 2644 8.
1468 2559 1652 2646 firturum
1670 2553 1764 2659 effe,

922 2700 970 2756 ut
982 2701 1105 2788 grave
1126 2678 1202 2759 ID
1229 2701 1370 2792 repat,
1396 2703 1481 2758 non
1496 2703 1633 2760 autem
1658 2705 1766 2760 rote·
1856 2717 1859 2724 ·

382 2819 482 2887 tur,
501 2796 598 2906 quia
624 2818 713 2908 pars
741 2783 884 2874 CED
907 2818 992 2874 non
1019 2791 1298 2906 praeponderat
1321 2793 1423 2906 parti
1459 2793 1608 2890 CEI,
1638 2791 1767 2906 srqui-

390 2911 488 2998 dem
504 2908 618 3025 poffit
634 2901 878 2992 descendere
892 2933 965 3021 per
980 2905 1147 3118 planum
1168 2905 1434 3108 {nelinappums
1454 2908 1567 3108 quog
1589 2903 1656 3108 srld
1669 2907 1761 3021 lap·
1825 2979 1827 2986 ,

390 3143 483 3232 fn
516 3129 806 3235 rinnau,
841 3146 884 3224 a
920 3051 1080 3226 ,nili
1095 3051 1549 3255 {innidulo
1574 3053 1660 3225 1¹³1?
1663 3051 1764 3256 ”lif

391 3256 679 3374 rallelepipedo
706 3259 724 3340 l
749 3257 793 3338 D
819 3287 832 3348 3
861 3258 1004 3370 utique
1033 3283 1123 3369 pars
1159 3257 1252 3340 CE
1280 3259 1316 3340 K
1350 3255 1628 3371 praeponderat
1658 3257 1780 3370 parti·

393 3375 530 3478 CED
547 3435 559 3473 ,
574 3365 790 3484 multdque
811 3368 944 3454 mimis
967 3369 1239 3456 dubitandum
1263 3376 1340 3458 erit
1359 3373 1412 3456 de
1432 3369 1542 3458 lolidi
1572 3374 1659 3455 KD
1681 3373 1763 3454 rui-

392 3487 447 3575 nd
462 3487 595 3689 verlsus
615 3489 674 3573 H.
712 3486 829 3602 Qid
848 3513 987 3570 autem
997 3484 1108 3572 aliud
1123 3486 1183 3572 est
1204 3484 1376 3574 solidum
1392 3488 1483 3570 KD
1502 3548 1514 3586 ,
1532 3515 1655 3602 quarn
1674 3514 1783 3582 tur-,-

390 3609 674 3692 rr'sincinata?
822 3653 853 3670 ·-
938 3635 982 3656 ·⁴
1752 3657 1761 3674 ·

424 3803 426 3808 ,
451 3717 689 3837 Scripseram
703 3725 791 3810 haec
801 3727 885 3836 jam
897 3717 1045 3809 tumab
1056 3749 1164 3806 anno
1176 3718 1348 3806 labentis
1362 3715 1493 3806 saeculi
1508 3721 1763 3835 quinquage-

392 3841 490 3924 fimo
506 3833 615 3928 sexto
627 3869 638 3930 3
652 3866 746 3925 cum
755 3845 939 3925 animum
952 3833 1071 3920 subiit
1084 3833 1292 3952 suspicari,
1308 3865 1361 3918 an
1379 3833 1556 3951 superilrs
1570 3836 1696 3922 allatae
1710 3869 1764 3927 ex

390 3955 552 4043 Masrno
568 3957 686 4040 turris
694 3953 956 4041 Bononiensrs
974 3946 1356 4068 mensuraeomnintl
1368 3957 1526 4038 veritati
1547 3950 1782 4068 responde··

392 4099 494 4157 rent.
573 4097 667 4152 uare
683 4073 825 4158 litteris
832 4073 889 4157 ud
907 4075 949 4154 P.
960 4073 989 4154 F
993 4066 1215 4153 ranciscum
1226 4067 1399 4153 Mariam
1415 4067 1674 4154 Grimaldum
1686 4071 1761 4156 da·-
1779 4152 1785 4161 .

390 4193 442 4272 tis
457 4193 597 4302 rogavi
611 4247 623 4284 ,
637 4215 683 4272 ut
695 4189 854 4308 proeai,
872 4215 995 4303 quarn
1007 4184 1060 4269 ad
1079 4215 1140 4271 res
1153 4213 1293 4268 omnes
1307 4183 1493 4270 conferre
1507 4181 1677 4282 solebat,
1693 4188 1782 4284 di·,

388 4301 784 4416 ligentid,accurati
799 4301 1001 4390 mensuras
1013 4299 1099 4386 illas
1109 4305 1352 4416 inquirerett
1366 4301 1456 4384 haec
1472 4305 1659 4412 igiturex
1672 4307 1761 4416 ejus

389 4417 642 4536 responsrone
655 4423 779 4510 habui
794 4487 803 4521 ,
817 4417 966 4536 quibus
981 4413 1157 4532 superilrs
1168 4421 1277 4506 dista
1290 4418 1530 4527 corrigenda
1543 4413 1634 4500 sunt
1642 4451 1654 4511 5
1671 4422 1788 4536 quast¹

389 4563 539 4742 tamerpl
541 4553 775 4654 expungere
789 4535 924 4635 nolui,
944 4533 1028 4618 utsr
1041 4533 1204 4636 lubeat,
1221 4533 1430 4646 vulgarem
1442 4537 1679 4650 opinionem
1695 4528 1759 4617 se·-

415 4686 500 4744 urv
540 4682 617 4740 eas.

385 4687 415 4774 q
564 4766 586 4784 ‘⁸
1561 4763 1751 4856 Extimus
