3780 5270
362 245 506 356 ‘53²
647 252 658 276 ι
759 268 771 278 -
887 197 1308 326 Mrrbanirorum

263 399 264 402 ‘
395 359 872 480 additur⁵chalybea'cits
891 363 923 448 is
953 365 1051 450 CD
1078 367 1133 446 ita
1150 360 1194 444 in
1210 361 1411 478 punslum
1424 359 1641 464 desinens,
1662 371 1773 458 utad

211 503 215 510 '
598 515 602 526 ·
854 395 1029 594 aliquam
1041 477 1296 572 latitudinem
1314 476 1482 593 oblique
1499 475 1686 567 ascendat
1699 512 1772 598 pro

681 603 719 688 Β
847 603 1002 680 ratione
1023 593 1306 678 semidiametri
1322 592 1552 690 foraminis,
1567 601 1676 710 quod
1689 631 1771 684 rna-

531 775 538 786 ,
786 747 790 753 ·
849 709 1583 816 'ximumartificisanimusdellinavit.
1600 714 1772 800 Inferior

667 886 705 974 Ε
762 843 791 937 1
852 821 1771 940 baculiparsinfigitursplraeroidiH,&trans-

421 977 425 985 ·
483 977 488 994 ·
852 939 1066 1028 versarium
1083 939 1154 1025 GI
1177 946 1221 1022 in
1236 943 1422 1026 medioli
1450 949 1505 1027 ita
1523 943 1771 1060 perforatum
1871 1021 1872 1024 r

702 1056 751 1152 H
852 1053 1771 1168 cst,utfacillimeperinsertumbaculumex·

680 1195 720 1279 c
853 1201 1018 1257 currens
1049 1167 1197 1256 sursum
1235 1168 1422 1257 deorsum
1455 1164 1617 1286 agitari'
1632 1175 1767 1288 posit:

664 1299 720 1388 D.
855 1317 950 1372 cum
965 1289 1077 1372 enim
1093 1285 1366 1372 extremitates
1390 1291 1431 1372 G
1460 1301 1502 1377 ἃ
1527 1291 1769 1380 laduerrum

333 1479 339 1488 ,
854 1401 1085 1489 funiculum
1110 1399 1289 1486 habeant
1317 1408 1619 1517 pertingentem
1649 1405 1770 1526 usque

233 1530 236 1536 ’
362 1557 363 1564 ‘
391 1539 444 1621 'in
474 1535 533 1633 B,
559 1529 639 1616 hoc
654 1519 965 1611 circabaculum
980 1529 1167 1602 contorto
1193 1514 1515 1606 transversarium
1536 1551 1622 1606 non
1633 1527 1771 1638 procul

391 1645 509 1734 abest
527 1643 615 1744 dB,
631 1640 743 1757 quod
759 1639 786 1722 sr
801 1633 1077 1751 deprimatur,
1096 1631 1321 1748 explicatur
1336 1633 1570 1736 funiculus,
1587 1649 1630 1726 δι
1645 1641 1768 1727 bacu-
1871 1635 1872 1680 ³

392 1765 461 1850 lus
487 1769 529 1848 in
548 1785 693 1874 gyrum
706 1759 841 1868 agitur
850 1755 999 1868 pariter
1018 1779 1114 1832 cum
1139 1749 1263 1834 infixa
1277 1747 1440 1864 cuspide
1449 1787 1465 1846 5w
1474 1783 1561 1867 qua¹
1570 1751 1712 1842 senfim
1726 1789 1769 1844 ac

364 1911 370 1916 ·
397 1877 741 1970 leniterminimas
753 1866 934 1977 subjeerae
942 1863 1100 1948 lammae
1110 1863 1319 1949 metallicae
1338 1867 1552 1982 particulas
1569 1869 1768 1960 abraden-

363 2025 384 2044 '·
400 2025 441 2083 re
454 1990 645 2093 ‚demirm
658 1982 796 2101 sapilrs
812 1978 981 2096 repetiti
994 1977 1257 2094 transversarij
1276 1977 1426 2065 sursum
1438 1981 1625 2071 deorsum
1643 1993 1769 2103 agita·

399 2115 511 2193 tione
527 2131 674 2219 ,atque
686 2093 792 2186 oded
811 2097 932 2182 celeri
946 2093 1144 2180 terebellae
1160 2095 1442 2196 conversione,
1455 2097 1639 2186 foramen
1651 2133 1768 2219 patet

448 2211 923 2310 uamvisautcmartificis
944 2239 1086 2296 manus
1105 2209 1331 2328 applicetur
1347 2213 1484 2299 medio
1495 2215 1769 2306 transversario

314 2425 323 2437 ,
399 2229 519 2436 ὣς
533 2333 646 2451 quod
663 2333 853 2444 deprimit
862 2365 874 2424 3
890 2331 1071 2444 potentia
1090 2354 1226 2412 tamen
1243 2325 1484 2443 intelligitur
1495 2333 1695 2447 applicata
1706 2335 1768 2422 su-

399 2451 581 2570 perficiei
602 2445 734 2534 baculi
746 2446 886 2534 medio
898 2441 1209 2530 funiculoillum
1219 2445 1513 2560 circumplexo,
1532 2452 1770 2564 perindeat·

374 2598 378 2605 ’
398 2599 480 2684 que
498 2568 526 2652 fi
542 2572 648 2670 inter
664 2589 875 2674 utramque
889 2557 1061 2672 palmam
1070 2556 1232 2644 alternis
1242 2561 1419 2648 motibus
1428 2563 1645 2650 addudam
1654 2597 1770 2685 atque

399 2685 607 2770 reductam
621 2679 729 2770 idem
747 2675 912 2764 baculus
929 2671 1259 2758 convolveretur:
1275 2676 1473 2792 tantoque
1493 2681 1621 2787 major
1632 2683 1693 2769 est
1707 2715 1769 2800 po

400 2803 537 2884 tentiae
552 2797 605 2882 src
622 2787 829 2907 applicatae
849 2816 1005 2884 motin,
1021 2815 1175 2902 quanto
1188 2787 1346 2873 excelsu
1366 2791 1500 2878 baculi
1517 2795 1696 2882 ambitus
1708 2800 1767 2884 sn-

399 2936 513 3028 perat
532 2903 733 2998 terebellae
758 2902 974 3019 subjeciam
989 2901 1178 2986 laminam
1199 2904 1432 2992 abradenris
1447 2935 1607 3022 gyrum.
1654 2921 1766 3034 Qio·

400 3034 509 3117 niam
530 3023 634 3114 vero
658 3019 867 3136 potentia,
898 3019 981 3104 hoc
1005 3016 1066 3102 est
1082 3049 1254 3119 manus,
1277 3023 1766 3128 moveturdescendendo,

399 3144 486 3252 ejus
507 3169 641 3227 motus
665 3131 1029 3248 cornparandusest
1050 3163 1144 3218 cum
1163 3133 1377 3250 multiplici
1398 3141 1690 3231 convolutione
1702 3148 1766 3232 ba-

269 3257 271 3262 ’
401 3257 508 3356 culi,
524 3287 613 3373 quac
633 3254 679 3338 fit
694 3313 705 3349 ‚
719 3250 819 3336 dum
836 3247 1064 3362 explicatur
1076 3247 1195 3332 funis.

367 3403 374 3414 ·
463 3375 543 3459 Sed
570 3383 609 3458 ὅ(
635 3365 711 3452 alia
725 3369 906 3480 potentia
924 3362 993 3450 hle
1010 3363 1300 3453 consideranda
1321 3365 1523 3454 occurrit:
1540 3372 1767 3480 adjunctum

400 3494 512 3576 enim
526 3481 764 3603 splraeroides
782 3481 852 3578 H,
867 3482 978 3596 quod
996 3479 1254 3570 mediocriter
1260 3511 1384 3596 grave
1404 3483 1601 3587 statuitur,
1614 3521 1696 3576 non
1711 3490 1765 3576 so-

371 3647 374 3652 ·
400 3605 488 3692 lum
500 3600 571 3687 suo
585 3601 767 3716 pondere
778 3599 893 3710 juvat
906 3657 918 3694 ,
933 3623 979 3680 nt
993 3593 1124 3709 cuspis
1139 3595 1264 3709 pauli>
1282 3598 1441 3712 prclsrlts
1454 3601 1662 3690 adhereat
1678 3606 1764 3692 sub-

246 3765 274 3794 o
391 3723 512 3836 'jesia
536 3715 693 3802 lamina
707 3775 718 3811 ,
733 3710 1010 3798 verumetiam
1028 3739 1229 3827 concepto
1246 3718 1291 3798 in
1313 3713 1602 3803 convolutione
1618 3727 1765 3837 impetu

320 3826 322 3834 ’
399 3837 500 3922 dum
515 3831 740 3947 explicatur
755 3825 887 3925 funis,
899 3831 1033 3940 pergit
1049 3827 1102 3910 ad
1117 3825 1276 3916 easdem
1289 3857 1420 3944 partes
1438 3834 1622 3936 moveri,
1640 3837 1761 3954 expli·

364 3971 368 3993 ³
399 3951 620 4064 catrimque
649 3943 792 4029 funem
819 3945 966 4026 iterum
993 3939 1103 4026 circa
1137 3942 1335 4031 baculum
1359 3973 1635 4062 contorquens
1662 3959 1765 4068 cogit

400 4061 726 4151 transversarium
741 4055 813 4140 Gl
830 4052 1044 4142 ascendere
1058 4056 1195 4145 versirs
1209 4067 1355 4177 B,quo
1368 4062 1534 4146 vicissim
1546 4065 1599 4150 ab
1607 4071 1766 4154 artificis

396 4191 523 4268 man'u
553 4167 736 4292 depresso
755 4173 799 4254 in
829 4177 1048 4257 contrarios
1097 4203 1199 4260 artes
1215 4176 1404 4263 volvitur.
1447 4181 1628 4294 Impetus
1649 4189 1766 4298 igitur

397 4295 610 4413 sphaeroidi
626 4294 671 4375 H
689 4279 921 4402 impressus,
937 4288 1038 4373 dum
1057 4202 1156 4374 illud
1170 4321 1331 4393 movet,
1343 4295 1541 4379 rationem
1554 4299 1680 4385 habet
1694 4333 1762 4417 po-

389 4417 536 4497 ·tentiae
559 4406 765 4522 cuspidem
783 4409 989 4517 ingyrum
1009 4413 1341 4522 contorquentis,
1366 4411 1482 4522 cujus
1498 4439 1704 4502 momenta
1716 4447 1763 4502 ex

341 4559 343 4564 ’
373 4563 376 4570 ·
397 4523 590 4616 distantis
602 4524 655 4614 ab
669 4549 767 4625 axe,
784 4525 1033 4638 circaquem
1049 4515 1223 4616 efficitur
1237 4553 1384 4626 motus,
1399 4525 1634 4616 definienda
1646 4533 1745 4620 sunt.

1552 4757 1759 4858 CAPUT
