3800 5266
425 213 816 376 Liberquintus.
859 217 1224 338 CAPuTVll.
1388 179 1509 372 m·

128 381 205 475 issa
223 379 283 468 ita
293 377 428 475 minor
443 382 663 479 statuatur,
677 409 725 465 ut
739 379 832 491 ejus
845 380 1035 469 dentium
1049 411 1240 468 numerus
1252 383 1322 468 vix
1339 389 1514 473 excedat

128 529 356 586 numerum
379 497 627 613 virgularum
653 495 846 584 curriculi
863 498 980 586 molae
1002 500 1269 598 adhaerentis,
1294 499 1384 584 haec
1398 507 1511 588 enim

126 615 259 706 nimis
281 614 397 702 tarde
413 641 645 700 moveretur
656 647 669 710 5
687 623 729 700 δι
747 614 775 698 st
790 618 1054 702 intermedius
1079 613 1202 701 fueri't
1217 615 1317 702 Axis
1335 647 1511 736 perpen-

120 732 326 819 'diculun's
345 793 357 832 ,
376 731 503 846 posted
527 731 606 818 hac
619 727 807 816 dentium
827 733 1056 848 equalitate
1083 743 1124 818 δ’(
1147 731 1394 844 virgularum
1414 763 1510 819 cur-

130 848 257 936 ticoli
284 907 296 944 ,
326 852 448 934 unica
475 875 571 931 rotae
597 848 805 944 exterioris
833 849 1043 933 eonverfio
1071 847 1191 932 semel
1221 848 1381 936 tatitirm
1411 880 1512 934 con·
1583 861 1594 882 “·

131 965 321 1056 volveret
356 991 487 1048 rotam
521 961 812 1049 denticulatam
849 961 1058 1050 horizonti
1091 961 1357 1078 parallelum,
1390 975 1515 1080 atque

133 1081 303 1170 idcirco.
327 1079 473 1192 eodem
507 1107 690 1192 tempore
726 1077 835 1162 mola
867 1084 985 1164 toties
1020 1076 1149 1166 solitm
1187 1107 1527 1178 converteretur„

133 1199 299 1310 quoties
326 1224 519 1281 numerus
550 1192 800 1305 virgularum
827 1197 916 1308 ejus
943 1193 1133 1280 curriculi
1160 1199 1439 1279 contineretur
1469 1194 1516 1280 in

134 1337 315 1398 numero
350 1311 538 1396 dentium
571 1337 668 1393 rotae
705 1310 965 1396 denticulata:
1001 1301 1137 1398 infixa
1174 1313 1256 1394 Axi
1293 1312 1514 1428 perpendi-

136 1424 281 1520 calari.

146 1549 254 1632 ‚tiit
268 1565 408 1626 autem
419 1537 752 1633 convolutionem
766 1538 883 1626 molae
903 1567 1119 1626 numerum
1141 1565 1320 1658 augeas,
1343 1567 1444 1624 cave
1459 1569 1515 1628 ne

137 1654 336 1748 morendi
370 1654 584 1740 difficultas
606 1654 755 1766 pariter
778 1655 867 1770 plus
892 1655 997 1764 justo
1023 1681 1248 1766 augeatur,
1271 1655 1300 1738 st
1320 1658 1515 1742 nimirum

137 1778 189 1864 ia
216 1797 292 1855 axe
323 1768 646 1888 perpendiculari
669 1772 866 1856 diameter
891 1770 1091 1862 curriculi
1116 1769 1166 1854 fit
1192 1767 1412 1854 immodice
1435 1771 1515 1856 mi·

140 1914 219 1976 not
249 1887 448 1970 diametro
483 1914 578 2000 rota
609 1884 865 1970 denticulata
890 1884 937 1974 in
962 1886 1108 1968 eodem
1132 1913 1207 1969 axe
1236 1920 1245 1966 t
1277 1888 1458 2000 potentia
1484 1884 1515 1977 li
1552 1941 1557 1950 -

140 1999 313 2112 quidem
335 1999 539 2086 curriculo
566 1998 765 2114 applicata
791 2001 920 2086 multo
940 1997 1090 2084 tardius
1108 2029 1365 2094 moveretur,
1392 1996 1524 2116 quim.

141 2115 304 2230 pondus
326 2118 517 2200 extremis
540 2139 635 2196 rotae
658 2113 849 2200 dentibus
871 2113 1147 2232 applicatum,
1173 2143 1220 2198 ac
1237 2117 1407 2228 proinde
1431 2145 1516 2200 mo

143 2230 270 2323 uendi
294 2229 509 2316 difficultas
541 2255 769 2338 augeretur.
814 2237 954 2342 Quare
977 2227 1114 2314 omnia
1136 2230 1356 2342 prudenter
1383 2230 1515 2316 admi·

142 2343 381 2443 nistranda,
413 2371 459 2430 ut
487 2371 624 2457 neque
661 2349 851 2456 potentia
879 2349 1081 2430 moventis
1110 2341 1215 2428 vites
1238 2341 1383 2428 frustra
1411 2377 1515 2428 con-

143 2485 358 2556 terantur,
386 2487 522 2572 noque
550 2455 659 2542 mola
689 2460 841 2547 tardiirs
868 2486 939 2546 aut
965 2455 1175 2556 eeloriiu,
1203 2453 1327 2573 quim
1352 2487 1428 2576 pap
1456 2459 1518 2558 lit,

142 2589 368 2664 moveatur.
624 2609 626 2614 ’
984 2639 986 2642 -
1026 2620 1028 2630 1
1061 2633 1063 2636 ψ

204 2689 384 2801 Qtodsr
414 2718 500 2774 non
530 2686 760 2803 placuerit,
792 2707 863 2772 aut
893 2687 974 2772 loci
1007 2682 1211 2799 dispositio
1239 2703 1323 2772 non
1355 2685 1521 2796 tulerit,

144 2833 267 2899 axem
291 2803 405 2917 illum
435 2807 721 2892 intermedium
747 2803 866 2888 statui
892 2801 1293 2918 perpendicularem,
1315 2799 1383 2888 sed
1408 2803 1517 2888 hori·

145 2922 261 3018 ponti
295 2917 506 3032 parallelus
539 2921 791 3012 commodior
805 2919 812 2961 ¹
823 2919 1019 3013 accidat,
1055 2945 1155 3002 tune
1190 2945 1284 3002 rotae
1315 2916 1523 3002 interioria·
1591 2943 1596 2982 ³

147 3033 449 3136 eundemfcum
465 3042 665 3120 exteriore
689 3032 775 3118 rota
795 3061 913 3118 axem
942 3029 1139 3116 habentis.
1153 3035 1295 3119 dentes
1319 3061 1404 3116 non
1428 3032 1517 3146 pla*

146 3179 208 3250 no
228 3145 374 3248 infixi,-
399 3143 465 3236 sed
488 3151 530 3230 in
553 3177 737 3238 extremo
761 3145 916 3232 ambitu
934 3145 1058 3232 defixi
1078 3151 1367 3263 requiruntur,
1389 3176 1436 3230 ut
1458 3145 1521 3232 su·-

148 3267 317 3378 penoris
337 3289 421 3346 axis
435 3263 682 3348 curriculum
702 3263 809 3360 (sive
826 3263 1018 3368 majorem
1033 3263 1145 3366 ‚live
1161 3260 1385 3358 minorem,
1400 3289 1523 3378 prout

145 3405 253 3492 ppos
268 3377 413 3474 fuerit)
433 3405 695 3476 convertant,
712 3390 754 3464 δι
771 3404 868 3460 cum
879 3407 930 3462 eo
948 3405 1075 3462 rotam
1090 3409 1172 3462 non
1189 3376 1234 3461 in
1251 3378 1429 3475 ambitu,
1453 3377 1522 3490 sed

146 3499 196 3594 ip
213 3491 360 3607 plano,
383 3491 703 3592 denticulatam,
730 3490 856 3606 aqua
868 3491 985 3576 molae
1004 3492 1225 3576 curriculus
1244 3492 1526 3583 convolvatur,

54 3681 58 3688 .
146 3611 306 3720 Neque
319 3607 464 3703 aliter,
486 3635 534 3688 ac
551 3605 688 3720 pribs,
709 3621 1009 3692 momentorum
1031 3609 1154 3690 Ratio
1167 3611 1449 3721 componitur,
1468 3637 1522 3694 ex
1548 3548 1555 3659 l

148 3721 397 3815 Rationibur
418 3717 609 3806 videlicet
634 3749 918 3836 tympanorum
939 3781 953 3820 ,
985 3749 1075 3834 quat
1103 3751 1363 3808 communem
1387 3728 1526 3810 nxem.

149 3835 309 3940 babent
317 3897 330 3936 ,
345 3864 391 3922 ut
411 3833 499 3920 satis
515 3836 672 3922 constat
682 3865 733 3920 ex
747 3836 909 3922 diunt
965 3921 968 3924 .
1005 3901 1009 3908 -
1079 3871 1081 3878 ’
1411 3919 1413 3924 .
1487 3853 1514 3920 .“

212 3947 327 4036 Hinc
345 3955 539 4065 quoniam
551 3959 734 4065 potentia
750 3979 924 4036 movens·
936 3947 997 4035 est
1011 3977 1144 4066 aqua,
1163 3947 1416 4038 observamus
1437 3975 1523 4032 non

148 4065 326 4170 pmniuo
345 4068 517 4150 eandem
542 4063 621 4154 ell'e
643 4067 815 4154 formam
843 4095 938 4152 rotae
964 4095 1112 4182 aquam
1140 4060 1378 4180 excipientis
1397 4095 1411 4156 5
1433 4090 1525 4176 quae

152 4186 335 4278 enimin
361 4179 592 4296 profluente
603 4182 858 4268 collocantur
877 4209 972 4266 rotae
997 4243 1009 4279 ,
1041 4187 1161 4266 nimis
1176 4179 1444 4265 incommodae
1460 4173 1524 4261 es·
1578 4213 1579 4220 ¹

153 4294 266 4408 lent,
285 4297 313 4378 st
330 4295 451 4380 valde
471 4296 645 4411 amplam
659 4299 899 4384 diametrum
913 4296 1112 4382 haberent
1123 4331 1136 4390 5
1151 4321 1221 4378 aut
1235 4293 1398 4378 modico
1410 4321 1527 4408 aque

151 4409 328 4520 labentis
341 4413 496 4526 inipetu
509 4411 775 4526 pellerentur,
790 4413 816 4499 fi
833 4413 1021 4528 palmulis
1039 4409 1196 4522 exiguis
1213 4407 1528 4493 instruerenturt-
1603 4519 1606 4526 Ι

154 4553 372 4648 propterea
386 4553 480 4612 rotae
506 4525 735 4637 hujusmodi
752 4532 1002 4620 mediocrem
1020 4527 1187 4642 quidem
1201 4523 1358 4617 habent
1372 4525 1528 4651 diame7

153 4814 219 4874 lla
