3794 5270
489 222 646 337 Liber
664 235 886 343 adiuvas.
913 233 1141 348 Canus
1172 235 1215 344 1.
1433 233 1549 372 767
1673 317 1679 334 ,

165 381 259 476 lieri
271 389 428 474 minora
441 389 483 472 in
496 387 619 504 plano
629 388 846 493 inclinato,
863 387 1283 512 quandollli‘infistit,
1299 397 1342 481 δι
1365 369 1552 492 deorsum

158 510 314 593 ‚nititur
328 507 551 624 premendo
566 506 879 626 ipsum’planum
896 545 906 594 s
926 538 968 596 ar
985 513 1197 630 ,fizpondus
1211 503 1326 602 idem'
1340 511 1551 608 incumbat

167 623 290 740 plano
305 622 575 721 horizontali,
592 653 734 710 verum
756 629 923 744 quidem
942 628 1002 714 est
1018 623 1186 746 planuin
1199 625 1418 726 verticale,
1438 630 1551 743 quod

167 741 359 828 adversits
376 741 535 856 pondus
562 751 774 838 moveatur
798 767 883 830 non
906 743 1130 832 secundltm
1145 743 1410 831 dirediionetn
1427 765 1550 859 ,qux

168 861 276 943 resta
291 885 477 943 occurrat
491 885 632 942 centro
648 866 854 972 gravitatis
867 859 1049 978 ejusdem
1062 860 1251 980 ponderis
1264 924 1275 960 ‚
1289 859 1359 955 led
1367 861 1550 978 oblique,

168 979 303 1059 minus
326 973 515 1061 invenire
530 973 866 1066 refistemiae:·sed
942 973 1046 1080 udus
1060 979 1161 1065 illud
1175 977 1338 1096 proprie
1360 1009 1443 1061 non
1458 1009 1551 1061 mo-

167 1120 288 1176 vetur
300 1087 417 1206 super
430 1091 576 1207 plano,
591 1089 690 1178 licet
705 1095 756 1182 ab
767 1009 1227 1212 eooblliiueirepellatur
1237 1131 1249 1191 3
1265 1105 1306 1180 &
1321 1094 1455 1210 potilts
1468 1095 1551 1210 pla-

19 1249 20 1258 *
117 1289 122 1302 ,
166 1237 271 1292 num
285 1237 472 1294 movetur
484 1213 599 1324 juxta
612 1215 794 1326 pondus:
815 1209 883 1297 hic
897 1209 1047 1324 vorhjsr
1067 1213 1227 1329 pondus
1242 1217 1283 1296 in
1300 1212 1421 1324 plano
1437 1211 1552 1294 hori·

165 1321 320 1412 zontali
344 1330 483 1440 jacens
499 1325 770 1414 fitadnexum
795 1329 973 1414 cochleae
997 1333 1210 1426 trahenti,
1231 1355 1302 1412 aut
1323 1328 1551 1441 oppositum

167 1439 348 1526 cochleae
364 1440 575 1551 repellenti
595 1455 637 1529 ὃ(
650 1450 834 1559 urgenti,
851 1475 934 1529 non
949 1471 1137 1540 movetur
1149 1442 1339 1560 oblique,
1357 1443 1422 1526 led
1432 1471 1549 1527 motu

165 1555 346 1645 directo:
367 1587 449 1641 non
462 1557 589 1674 igitur
602 1575 789 1646 movetur
801 1556 915 1670 super
932 1561 1098 1676 planum
1116 1561 1368 1648 inclinatum.
1442 1575 1445 1588 '

192 1669 356 1759 ,Porrh
375 1703 505 1794 unum
530 1675 649 1761 estin
673 1675 859 1764 Cochlel
883 1677 1184 1793 quodammodo
1198 1675 1419 1788 singulare,
1437 1677 1551 1790 quod

166 1795 213 1876 in
238 1788 389 1874 nullarn
410 1793 530 1875 aliam
550 1794 799 1880 Facul'tatem
821 1794 935 1910 aeque
956 1799 1177 1896 convenire
1201 1791 1548 1906 deprehenditur:

166 1913 283 1994 Cum
296 1911 406 1992 enirn
421 1907 647 2024 requiratur
665 1918 705 2000 &
723 1911 929 2022 cylindrus
942 1899 1178 1994 inhelicem
1192 1907 1385 2004 inflexus,
1399 1917 1440 1995 δι
1452 1911 1547 1993 Ma-

166 2030 248 2110 trix
265 2021 326 2108 illi
338 2046 567 2136 congruens
581 2089 591 2124 ,
605 2025 661 2114 ita
678 2055 723 2112 ut
747 2027 862 2126 alteri
878 2031 992 2144 quies
1008 2087 1019 2126 ,
1038 2026 1152 2110 alteri
1174 2053 1308 2138 motus
1332 2023 1563 2118 debeaturs·

165 2141 341 2259 perinde
362 2137 423 2226 est
443 2141 470 2224 sr
489 2148 655 2227 matrice
672 2139 835 2229 immoti
852 2144 1058 2258 cylindrus
1079 2167 1360 2236 convertatur,
1379 2169 1501 2255 atque
1523 2143 1551 2225 sr

157 2286 362 2346 manente
386 2257 571 2368 cylindro
592 2265 737 2344 matrix
770 2247 858 2376 ipsa·
873 2247 1142 2354 cohvhlvatur
1166 2317 1177 2356 ,
1209 2252 1557 2348 modd'Potentia

166 2374 315 2492 aequali
330 2371 464 2460 Radio
478 2373 641 2474 irtatur',
659 2376 741 2461 sive
762 2375 935 2488 cylindri
947 2377 1100 2484 'capiti-3
1118 2371 1202 2459 live
1214 2370 1379 2459 Matrini
1397 2373 1554 2478 inlitos

160 2489 1551 2608 eademsrquidemluntpoteritiaernomenta'‚&aequttlismottispon-
1637 2568 1642 2580 ,

163 2609 276 2695 deris
290 2641 302 2703 3
315 2606 1073 2726 aequaliterehi’m'pr'omovett'tr'rnatirlx
1090 2601 1481 2720 ineylindro'stahili‚
1492 2634 1553 2695 at·

165 2751 254 2842 que
272 2719 477 2838 cylindrus
491 2723 536 2808 in
556 2727 731 2812 Matrice
749 2727 971 2813 immmotsl.
1012 2727 1062 2814 'ld
1087 2725 1201 2840 quod
1219 2720 1398 2808 maximis
1416 2723 1554 2828 locum

162 2839 407 2940 habet,ubi
421 2870 521 2956 opus
535 2841 592 2926 est
606 2835 1552 2960 compreffio'ne,&volgatilhnutsestapridva-
1586 2871 1590 2878 ·

163 2953 561 3042 riosartilicesusus.
613 2981 637 3002 ·’
701 2968 758 3046 ¹)
834 3003 840 3014 ·
939 2973 1143 3030 ··..·..·,›
1184 2961 1529 3048 s,.·‘::·;f.„.:u,‘:·;

226 3070 310 3168 lam
326 3067 426 3157 verh
442 3075 553 3188 quod
563 3075 614 3160 ad
629 3075 935 3158 diuturnitatem
951 3070 1111 3188 spellat,
1121 3071 1379 3163 diffitendum
1394 3102 1477 3156 non
1494 3071 1553 3157 est

165 3188 385 3274 cochleam
403 3188 607 3301 frequenti
631 3187 699 3274 usu
715 3196 832 3299 atteri
848 3252 858 3287 ,
877 3189 1063 3274 est'enim
1084 3217 1302 3304 perpetuus
1324 3189 1552 3274 illinscum
1657 3205 1659 3210 “

163 3300 240 3391 sud
255 3305 429 3388 Matrice
444 3305 658 3399 conflictus
672 3369 683 3405 ,
697 3311 880 3424 quamvis
891 3305 1115 3424 pluyimlim
1125 3311 1263 3420 juvet,
1279 3305 1305 3388 sr
1321 3305 1558 3416 smegmate,

163 3450 244 3506 aut
255 3418 399 3537 pingui
418 3421 555 3537 aliquo
565 3413 996 3533 lrttnropeinuuga’tur‚
1014 3407 1262 3536 quhlubrica
1277 3419 1370 3518 fiat,
1388 3449 1432 3502 ut
1448 3421 1564 3506 faci«,
1670 3455 1687 3475 ¹

160 3534 247 3624 lilts
262 3535 552 3634 convolvatur,
570 3537 785 3652 minusque
801 3565 1006 3621 atteratur.
1050 3539 1217 3623 Deinde
1232 3543 1415 3653 quamvis
1430 3542 1555 3620 unica

160 3653 274 3772 spira
291 3651 450 3760 matrici
466 3649 666 3764 sufficiam
679 3654 802 3762 trtvel
820 3649 902 3766 ipsa
919 3717 928 3751 ,
948 3651 1011 3742 vel
1030 3651 1235 3765 cylindrus
1252 3681 1552 3769 promoveatur,
1604 3755 1610 3768 Ι

159 3803 240 3858 aut
253 3760 492 3867 retrahatur,
505 3771 773 3856 nihilominus
787 3767 1269 3884 fac'ililtslahemtpatltur,
1281 3769 1402 3884 qudtn
1419 3769 1444 3850 li
1458 3769 1551 3884 plu·
1602 3813 1606 3820 ·

159 3921 231 3976 res
255 3893 298 3970 in
317 3883 434 4002 spiras
451 3885 574 3986 fuerit
588 3918 803 3998 excavata:
824 3919 918 3972 cum
930 3891 1041 3970 enim
1052 3915 1121 3969 aut
1138 3887 1161 3970 d
1176 3886 1372 4000 gravitate
1388 3887 1550 3998 ponde-

159 4005 222 4092 ris
237 4001 482 4102 sttstollendi,
496 4031 566 4088 aut
581 4001 603 4092 l
615 4011 790 4120 partium
802 4003 1098 4116 constipatione
1108 3997 1551 4120 repugnantiumeom·

157 4116 353 4242 pteflioni
369 4117 481 4234 ,ipsa
493 4127 615 4206 unica
628 4122 890 4206 refistentiarn
901 4119 1082 4204 inveniat
1096 4181 1108 4220 ,
1123 4125 1268 4236 utique
1279 4117 1342 4204 vel
1361 4119 1552 4232 ponderis

140 4241 144 4248 “
154 4241 344 4357 gravitas
359 4238 429 4346 ipsi
444 4241 514 4324 uni
532 4241 733 4340 innititur,
745 4237 807 4321 vel
826 4241 1017 4353 potentias
1029 4265 1211 4344 qonatus,
1224 4235 1444 4320 reludante
1458 4255 1550 4321 tor·

160 4385 271 4476 pone
300 4357 606 4469 comprimendo
619 4378 698 4439 -aut
716 4357 942 4454 trahendo,
962 4353 1006 4437 in
1033 4353 1142 4437 illam
1171 4350 1292 4438 solam
1309 4343 1550 4450 effunditujr.

154 4477 389 4584 Propterea
405 4471 751 4584 expeditalteram
773 4467 917 4558 saltem:
928 4463 945 4570 ,ἶ
963 4498 1032 4586 aut
1046 4468 1373 4588 tertiamrspiram
1387 4469 1552 4568 addere,

158 4599 213 4679 itt
233 4583 365 4673 diviso
383 4586 430 4668 i'n
440 4587 573 4702 plures
592 4615 739 4674 conatu
760 4579 939 4674 firmitati
956 4585 1198 4675 consulatur.

136 4717 141 4728 ’
224 4705 414 4792 Eandem
428 4702 483 4790 ob
504 4701 662 4802 causam
681 4707 903 4824 aliquando
920 4649 1454 4820 cylindrumcomplellitur
1470 4669 1556 4831 non

1430 4841 1552 4902 unica
