3780 5270
172 1463 174 1472 ’
261 1457 271 1466 ’
365 1457 734 1582 compensarerubi
752 1455 959 1544 enimduo

356 293 454 406 512
665 351 669 361 .
843 240 1267 360 Mecdant'corum
1382 266 1388 277 '

359 411 723 511 succuliutilicet,
738 439 808 496 aut
830 409 971 502 Radiis
983 403 1184 528 perpetuo
1199 403 1360 506 infixis,
1377 436 1449 494 aut
1470 407 1544 524 qui
1559 403 1728 520 cylindri

359 529 623 627 foraminibus
634 530 735 617 dum
746 527 941 628 versatur,
954 523 1122 615 subinde
1138 519 1363 613 inserantur
1375 561 1390 608 :¹
1401 529 1442 612 Si
1456 517 1654 642 perpetud
1665 526 1728 604 in-

363 655 435 742 fixi
448 677 651 748 maneant,
666 677 770 731 unus
787 645 917 760 potest
927 649 1060 730 Axcm
1075 641 1402 730 converterealio
1417 639 1730 758 postaliumRa-

361 771 432 856 dio
443 793 602 882 arrepto
620 803 630 847 ι
649 793 689 850 at
701 759 802 847 verd
817 762 845 846 st
860 762 970 848 idem
993 759 1150 846 Radius
1167 761 1211 844 in
1233 757 1345 846 aliud
1359 787 1484 874 atque
1498 753 1729 841 aliud'fora-

361 917 459 974 men
472 880 749 968 immittendus
764 877 926 978 srt,duo
941 877 1029 976 fint,
1046 902 1218 993 oportet,
1233 875 1305 990 qui
1321 871 1473 961 alterni
1486 871 1607 988 operi
1622 867 1734 960 suurn

364 1003 543 1089 Radium
554 1001 825 1116 deprimentes
839 999 972 1080 llxern
984 991 1254 1088 convolvant5
1273 991 1544 1109 alioquin‚nili
1562 985 1733 1074 artificio

364 1118 502 1233 aliquo
516 1120 754 1208 retineatur,
768 1112 869 1196 dum
881 1139 932 1194 ex
945 1139 1028 1195 uno
1047 1109 1244 1196 foramine
1258 1107 1485 1196 extrahitur
1503 1105 1678 1203 Radius,
1691 1135 1736 1190 ut

366 1240 410 1326 in
425 1231 805 1326 aliudimmittatur,
817 1225 976 1342 pondus
992 1223 1059 1312 sui
1072 1223 1270 1339 giuvitate
1282 1223 1469 1312 deorsum
1481 1222 1735 1308 relaberetur.

243 1427 249 1434 .
364 1354 482 1436 Licet
503 1375 640 1432 tamen
661 1345 770 1431 hane
786 1336 1172 1540 duplidispotentiat
1193 1343 1462 1429 necessitatem
1475 1339 1647 1423 utilitate
1660 1335 1741 1425 alid

983 1483 1045 1542 int
1057 1521 1073 1556 „
1085 1487 1260 1572 quorum
1274 1454 1543 1545 vicissitudine
1562 1459 1738 1542 circum-

365 1609 509 1696 agatur
522 1581 618 1664 Axis
629 1575 845 1661 immilfitio
865 1571 1097 1689 hujufinodi
1111 1571 1267 1672 Radio,
1285 1576 1354 1660 hic
1369 1567 1593 1688 potestesse
1609 1573 1740 1656 multo

365 1699 550 1812 longior,
568 1691 692 1810 quim
712 1689 888 1778 heidem
904 1695 984 1777 Axi
1003 1689 1153 1775 infixus
1166 1719 1349 1775 maneret
1364 1725 1376 1784 3
1393 1715 1597 1802 oporteret
1621 1688 1739 1800 slqui·

365 1815 462 1900 dem
475 1811 607 1928 plures
620 1807 772 1894 Rodios
783 1803 983 1926 perpetud
997 1831 1206 1892 manentes
1217 1803 1389 1919 infigere
1397 1840 1410 1901 3
1420 1804 1463 1889 id
1479 1805 1605 1919 quod,
1616 1803 1642 1885 sr
1653 1803 1741 1888 lon·

366 1929 500 2044 giores
524 1921 674 2023 essent,
700 1955 784 2008 non
809 1953 963 2015 careret
989 1923 1259 2007 incommodo.
1309 1926 1566 2039 Qo'autem
1581 1919 1743 2030 longior

366 2041 667 2140 Radiusfuerit,
680 2035 734 2126 ed
749 2041 897 2157 pariter
911 2037 1068 2126 facilius
1078 2041 1260 2152 potentia
1272 2037 1469 2135 movebit,
1484 2040 1554 2150 qui
1557 2061 1638 2152 ppo
1652 2065 1738 2149 quae

367 2187 525 2247 motum
537 2152 671 2244 multd
683 2153 927 2242 velociorem
940 2183 1055 2239 motu
1067 2153 1257 2268 ponderis
1270 2153 1461 2253 habebit,
1474 2179 1548 2266 pro
1564 2149 1738 2238 Ratione

367 2263 636 2388 longitudinis
647 2273 770 2380 Radij
788 2268 878 2388 plus
891 2269 1184 2357 semidiametro
1202 2271 1398 2385 cylindri,
1415 2271 1466 2356 ad
1479 2269 1654 2353 eandem
1671 2301 1738 2382 cy-

365 2389 488 2478 lindri
509 2387 859 2476 sentidiametrum.

423 2507 492 2594 Ad
519 2507 600 2592 hoc
631 2499 790 2608 forcalle
814 2531 943 2618 genus
969 2499 1149 2588 revocari
1177 2494 1338 2618 possunt
1362 2499 1530 2616 Scytalae
1552 2501 1739 2588 oneribus

366 2621 655 2742 promovendis
670 2618 853 2729 subjeuae
865 2681 876 2718 ,
890 2619 943 2706 de
955 2618 1102 2734 quibus
1114 2617 1269 2707 dissum
1285 2617 1345 2704 est
1360 2617 1430 2702 lib.
1448 2651 1481 2702 ι.
1495 2621 1739 2736 cap.9;ci1m

369 2743 516 2828 harum
534 2735 733 2854 capitibus
749 2733 843 2852 apti
856 2761 858 2764 ·
865 2733 1074 2851 perforatis
1089 2737 1365 2822 immittuntur
1389 2733 1506 2820 ferrei
1530 2765 1603 2818 aut
1616 2733 1739 2847 lignei

258 2865 263 2872 '
369 2857 502 2940 vestes
517 2915 529 2953 ,
547 2881 720 2969 quorum
731 2879 811 2966 ope
823 2845 976 2964 scytalae
999 2847 1091 2965 ipsae
1108 2878 1427 2948 convertuntur,
1442 2880 1566 2965 atque
1580 2849 1738 2937 incum-

371 2969 471 3056 bens
489 2999 591 3054 onus
602 2968 703 3054 dum
712 2967 765 3053 ad
779 2964 899 3051 aliam
911 2989 1034 3082 atque
1048 2965 1172 3054 aliam
1188 2965 1327 3051 orbitae
1342 2993 1497 3081 partem
1514 2997 1739 3053 accommo·

368 3087 511 3184 datur,
528 3111 798 3200 promovetur.
843 3085 942 3201 Qu
966 3086 1078 3166 enim
1103 3079 1356 3195 longioribus
1379 3079 1562 3166 veuibus
1581 3083 1740 3184 utimur,

369 3199 554 3318 potentia
592 3203 700 3285 circa
740 3195 913 3311 cylindri
950 3207 1137 3282 centrum
1170 3191 1304 3282 mulrd
1345 3196 1525 3283 velocilrs
1555 3227 1738 3284 movetur

370 3311 496 3433 quiin
514 3315 745 3434 impositum
770 3309 927 3411 saxum,
948 3316 1063 3428 cujus
1080 3341 1214 3400 motus
1236 3311 1398 3427 aequalis
1412 3311 1472 3398 est
1489 3315 1738 3400 converhoni

370 3432 621 3551 peripheria.
647 3433 759 3518 Narn
770 3429 882 3544 quod
890 3457 1024 3512 motus
1036 3427 1218 3516 absolute
1238 3425 1416 3543 sumptus
1433 3429 1480 3512 srt
1490 3427 1738 3545 aliquantulo

370 3552 523 3662 major,
541 3552 638 3662 quia
665 3573 851 3630 centrum
880 3541 1011 3661 ipsum
1025 3572 1288 3661 promovetur
1309 3605 1320 3643 ,
1349 3543 1452 3630 nihil
1480 3543 1631 3646 refert,
1652 3547 1738 3663 quia

371 3692 505 3750 motus
525 3661 595 3750 hic
613 3661 852 3777 &cylindro
866 3655 1065 3772 subjecto,
1087 3673 1130 3750 δι
1145 3659 1284 3762 oneri,
1298 3665 1549 3768 &Potentiae
1563 3693 1738 3748 commu·

370 3785 434 3864 nis
451 3777 522 3864 est.
943 3834 948 3846 -
995 3803 999 3814 ’
1155 3809 1157 3812 ·
1478 3879 1482 3886 ,

430 3899 579 3980 Praeter
604 3892 820 3979 Succulam
841 3895 982 3982 Radiis
1010 3891 1146 3979 infixis
1165 3893 1434 3991 lnstmuam,
1454 3887 1739 4002 cujusrnodica

372 4009 445 4110 est,
456 4040 546 4123 quae
560 4011 611 4094 ad
628 4009 869 4097 hauriendas
884 4009 907 4096 ὲ
925 4017 1056 4126 puteis
1065 4039 1192 4128 aquas
1208 4009 1276 4094 vul
1281 4006 1338 4122 gd
1353 4005 1588 4122 usurpatur(
1603 4039 1736 4126 quam-

372 4157 494 4243 quam
511 4125 565 4210 ob
580 4125 782 4212 radiorum
791 4125 1031 4230 brevitatem
1050 4135 1092 4213 ἃ
1105 4126 1225 4242 ipsius
1237 4129 1337 4212 Axis
1351 4125 1647 4211 craslitudinem
1663 4155 1739 4210 non

366 4241 593 4330 admodum
614 4247 802 4356 potentiae
817 4239 1022 4326 momenta
1031 4271 1258 4354 augeantur
1271 4247 1284 4338 )
1299 4241 1427 4328 forma
1439 4239 1517 4326 alia
1528 4270 1738 4325 crementa·

371 4363 439 4462 riis
451 4356 627 4444 maximia
643 4357 915 4442 farniliarisest
934 4359 986 4444 ad
997 4357 1216 4444 attollenda
1228 4357 1316 4443 sarxa
1328 4419 1339 4455 ,
1353 4357 1509 4456 lateret,
1522 4367 1562 4443 δι
1578 4357 1736 4454 calcem,

369 4475 525 4592 duplici
544 4475 757 4560 manubrio
772 4479 815 4560 in
834 4474 1031 4590 oppositas
1048 4503 1177 4590 partes
1194 4469 1402 4589 disposito,
1417 4501 1463 4558 ut
1474 4473 1660 4589 quaedam
1673 4503 1735 4556 co-

370 4621 541 4676 natuum
553 4589 740 4677 constans
763 4591 981 4677 similitudo
998 4587 1194 4688 servetur,
1207 4591 1307 4676 dum
1323 4589 1449 4674 altero
1461 4587 1576 4674 suurn
1596 4619 1752 4705 manu-⁸

368 4707 502 4796 britun
515 4707 790 4824 deprimente,
807 4705 923 4796 suum
937 4706 1038 4793 alter
1061 4707 1220 4798 elevat:
1237 4705 1333 4796 ciam
1357 4711 1469 4794 enim
1489 4707 1529 4792 vi
1551 4703 1751 4791 brachio-'⁰

1035 4849 1038 4856 '
1381 4857 1386 4870 ¹
1648 4845 1726 4905 rum
