<?xml version="1.0" encoding="UTF-8"?>
<!DOCTYPE html PUBLIC "-//W3C//DTD XHTML 1.0 Transitional//EN"
    "http://www.w3.org/TR/xhtml1/DTD/xhtml1-transitional.dtd">
<html xmlns="http://www.w3.org/1999/xhtml" xml:lang="en" lang="en">
 <head>
  <title>
</title>
<meta http-equiv="Content-Type" content="text/html;charset=utf-8" />
  <meta name='ocr-system' content='tesseract 3.04.00' />
  <meta name='ocr-capabilities' content='ocr_page ocr_carea ocr_par ocr_line ocrx_word'/>
</head>
<body>
  <div class='ocr_page' id='page_1' title='image "./rppaulicasatipl00casagoog_0085.png"; bbox 0 0 3918 5262; ppageno 0'>
   <div class='ocr_carea' id='block_1_1' title="bbox 370 206 1752 590">
    <p class='ocr_par' dir='ltr' id='par_1_1' title="bbox 370 206 1752 590">
     <span class='ocr_line' id='line_1_1' title="bbox 370 206 1297 336; baseline -0.004 -1"><span class='ocrx_word' id='word_1_1' title='bbox 370 239 455 336; x_wconf 72' lang='lat' dir='ltr'>¹·6o</span> <span class='ocrx_word' id='word_1_2' title='bbox 850 206 1297 334; x_wconf 68' lang='lat' dir='ltr'>mechanicorum</span> 
     </span>
     <span class='ocr_line' id='line_1_2' title="bbox 371 363 1752 590; baseline -0.003 -118"><span class='ocrx_word' id='word_1_3' title='bbox 371 379 725 590; x_wconf 68' lang='lat' dir='ltr'>porpendimlaiia</span> <span class='ocrx_word' id='word_1_4' title='bbox 736 412 821 466; x_wconf 92' lang='lat' dir='ltr'>non</span> <span class='ocrx_word' id='word_1_5' title='bbox 839 383 1048 483; x_wconf 82' lang='lat' dir='ltr'>insrstant,</span> <span class='ocrx_word' id='word_1_6' title='bbox 1066 411 1221 468; x_wconf 84' lang='lat' dir='ltr'>certum</span> <span class='ocrx_word' id='word_1_7' title='bbox 1237 379 1298 466; x_wconf 86' lang='lat' dir='ltr'>est</span> <span class='ocrx_word' id='word_1_8' title='bbox 1315 380 1446 498; x_wconf 87' lang='lat' dir='ltr'>plnres</span> <span class='ocrx_word' id='word_1_9' title='bbox 1460 408 1530 466; x_wconf 90' lang='lat' dir='ltr'>aut</span> <span class='ocrx_word' id='word_1_10' title='bbox 1541 363 1752 496; x_wconf 68' lang='lat' dir='ltr'>longiores</span> 
     </span>
    </p>
   </div>
   <div class='ocr_carea' id='block_1_2' title="bbox 232 494 1858 4862">
    <p class='ocr_par' dir='ltr' id='par_1_2' title="bbox 232 494 1789 2234">
     <span class='ocr_line' id='line_1_3' title="bbox 372 494 1749 729; baseline -0.017 -27"><span class='ocrx_word' id='word_1_11' title='bbox 372 494 1749 729; x_wconf 57' lang='lat' dir='ltr'>tllllilfssllllil{lllllrllssllll‘sslllllllll</span> 
     </span>
     <span class='ocr_line' id='line_1_4' title="bbox 371 724 1755 845; baseline -0.003 -29"><span class='ocrx_word' id='word_1_12' title='bbox 371 734 482 816; x_wconf 89' lang='lat' dir='ltr'>modi</span> <span class='ocrx_word' id='word_1_13' title='bbox 498 757 665 842; x_wconf 84' lang='lat' dir='ltr'>corpora</span> <span class='ocrx_word' id='word_1_14' title='bbox 676 724 833 812; x_wconf 88' lang='lat' dir='ltr'>incolle</span> <span class='ocrx_word' id='word_1_15' title='bbox 846 726 924 814; x_wconf 78' lang='lat' dir='ltr'>elle</span> <span class='ocrx_word' id='word_1_16' title='bbox 945 727 1105 844; x_wconf 85' lang='lat' dir='ltr'>pofftmt</span> <span class='ocrx_word' id='word_1_17' title='bbox 1118 727 1241 845; x_wconf 74' lang='lat' dir='ltr'>quim</span> <span class='ocrx_word' id='word_1_18' title='bbox 1259 735 1302 812; x_wconf 91' lang='lat' dir='ltr'>in</span> <span class='ocrx_word' id='word_1_19' title='bbox 1315 730 1479 843; x_wconf 87' lang='lat' dir='ltr'>planitie</span> <span class='ocrx_word' id='word_1_20' title='bbox 1493 765 1503 810; x_wconf 77' lang='lat' dir='ltr'>r</span> <span class='ocrx_word' id='word_1_21' title='bbox 1519 730 1545 811; x_wconf 83' lang='lat' dir='ltr'>fi</span> <span class='ocrx_word' id='word_1_22' title='bbox 1558 735 1668 812; x_wconf 86' lang='lat' dir='ltr'>enim</span> <span class='ocrx_word' id='word_1_23' title='bbox 1686 760 1755 812; x_wconf 88' lang='lat' dir='ltr'>ra·-</span> 
     </span>
     <span class='ocr_line' id='line_1_5' title="bbox 370 839 1789 960; baseline -0.002 -29"><span class='ocrx_word' id='word_1_24' title='bbox 370 853 428 932; x_wconf 94' lang='lat' dir='ltr'>mi</span> <span class='ocrx_word' id='word_1_25' title='bbox 445 841 599 946; x_wconf 81' lang='lat' dir='ltr'>arboris</span> <span class='ocrx_word' id='word_1_26' title='bbox 609 844 810 929; x_wconf 89' lang='lat' dir='ltr'>inferioris</span> <span class='ocrx_word' id='word_1_27' title='bbox 822 845 1088 960; x_wconf 81' lang='lat' dir='ltr'>respondeant</span> <span class='ocrx_word' id='word_1_28' title='bbox 1101 877 1247 928; x_wconf 87' lang='lat' dir='ltr'>trunco</span> <span class='ocrx_word' id='word_1_29' title='bbox 1267 843 1498 958; x_wconf 81' lang='lat' dir='ltr'>superioris,</span> <span class='ocrx_word' id='word_1_30' title='bbox 1517 873 1674 927; x_wconf 87' lang='lat' dir='ltr'>cerrum</span> <span class='ocrx_word' id='word_1_31' title='bbox 1689 840 1749 928; x_wconf 91' lang='lat' dir='ltr'>est</span> <span class='ocrx_word' id='word_1_32' title='bbox 1787 839 1789 844; x_wconf 40' lang='lat'><strong>¹</strong></span> 
     </span>
     <span class='ocr_line' id='line_1_6' title="bbox 372 956 1754 1078; baseline -0.003 -32"><span class='ocrx_word' id='word_1_33' title='bbox 372 963 485 1078; x_wconf 87' lang='lat' dir='ltr'>quod</span> <span class='ocrx_word' id='word_1_34' title='bbox 499 956 632 1043; x_wconf 82' lang='lat' dir='ltr'>multd</span> <span class='ocrx_word' id='word_1_35' title='bbox 649 966 865 1044; x_wconf 81' lang='lat' dir='ltr'>viciniores</span> <span class='ocrx_word' id='word_1_36' title='bbox 881 956 958 1046; x_wconf 80' lang='lat' dir='ltr'>elle</span> <span class='ocrx_word' id='word_1_37' title='bbox 976 961 1141 1078; x_wconf 76' lang='lat' dir='ltr'>poliunt</span> <span class='ocrx_word' id='word_1_38' title='bbox 1155 962 1341 1057; x_wconf 83' lang='lat' dir='ltr'>arbores,</span> <span class='ocrx_word' id='word_1_39' title='bbox 1364 957 1488 1075; x_wconf 72' lang='lat' dir='ltr'>quim</span> <span class='ocrx_word' id='word_1_40' title='bbox 1510 966 1551 1043; x_wconf 90' lang='lat' dir='ltr'>in</span> <span class='ocrx_word' id='word_1_41' title='bbox 1566 960 1754 1074; x_wconf 75' lang='lat' dir='ltr'>planitie,</span> 
     </span>
     <span class='ocr_line' id='line_1_7' title="bbox 371 1071 1754 1191; baseline -0.003 -29"><span class='ocrx_word' id='word_1_42' title='bbox 371 1079 440 1162; x_wconf 88' lang='lat' dir='ltr'>ubi</span> <span class='ocrx_word' id='word_1_43' title='bbox 460 1079 558 1158; x_wconf 89' lang='lat' dir='ltr'>rami</span> <span class='ocrx_word' id='word_1_44' title='bbox 574 1071 611 1158; x_wconf 91' lang='lat' dir='ltr'>se</span> <span class='ocrx_word' id='word_1_45' title='bbox 625 1075 789 1160; x_wconf 81' lang='lat' dir='ltr'>vicillim</span> <span class='ocrx_word' id='word_1_46' title='bbox 802 1081 1069 1191; x_wconf 78' lang='lat' dir='ltr'>impedientes</span> <span class='ocrx_word' id='word_1_47' title='bbox 1082 1081 1275 1190; x_wconf 86' lang='lat' dir='ltr'>majorem</span> <span class='ocrx_word' id='word_1_48' title='bbox 1294 1074 1498 1188; x_wconf 87' lang='lat' dir='ltr'>postulant</span> <span class='ocrx_word' id='word_1_49' title='bbox 1510 1103 1754 1158; x_wconf 81' lang='lat' dir='ltr'>truncorum</span> 
     </span>
     <span class='ocr_line' id='line_1_8' title="bbox 370 1189 1751 1306; baseline 0 -31"><span class='ocrx_word' id='word_1_50' title='bbox 370 1191 604 1281; x_wconf 87' lang='lat' dir='ltr'>distantiam</span> <span class='ocrx_word' id='word_1_51' title='bbox 626 1225 636 1284; x_wconf 81' lang='lat'>5</span> <span class='ocrx_word' id='word_1_52' title='bbox 661 1221 707 1292; x_wconf 85' lang='lat' dir='ltr'>ac</span> <span class='ocrx_word' id='word_1_53' title='bbox 731 1195 904 1304; x_wconf 85' lang='lat' dir='ltr'>proinde</span> <span class='ocrx_word' id='word_1_54' title='bbox 930 1199 1053 1278; x_wconf 89' lang='lat' dir='ltr'>etiam</span> <span class='ocrx_word' id='word_1_55' title='bbox 1078 1191 1355 1306; x_wconf 66' lang='lat' dir='ltr'>multoplures</span> <span class='ocrx_word' id='word_1_56' title='bbox 1373 1191 1532 1276; x_wconf 85' lang='lat' dir='ltr'>arbores</span> <span class='ocrx_word' id='word_1_57' title='bbox 1549 1189 1751 1277; x_wconf 80' lang='lat' dir='ltr'>introeas·</span> 
     </span>
     <span class='ocr_line' id='line_1_9' title="bbox 370 1299 1748 1423; baseline -0.004 -29"><span class='ocrx_word' id='word_1_58' title='bbox 370 1312 466 1394; x_wconf 92' lang='lat' dir='ltr'>dem</span> <span class='ocrx_word' id='word_1_59' title='bbox 478 1303 684 1419; x_wconf 79' lang='lat' dir='ltr'>parallelas</span> <span class='ocrx_word' id='word_1_60' title='bbox 696 1334 828 1392; x_wconf 86' lang='lat' dir='ltr'>erunt.</span> <span class='ocrx_word' id='word_1_61' title='bbox 855 1311 921 1390; x_wconf 86' lang='lat' dir='ltr'>Sic</span> <span class='ocrx_word' id='word_1_62' title='bbox 942 1309 1074 1423; x_wconf 83' lang='lat' dir='ltr'>plnres</span> <span class='ocrx_word' id='word_1_63' title='bbox 1087 1310 1273 1392; x_wconf 85' lang='lat' dir='ltr'>homines</span> <span class='ocrx_word' id='word_1_64' title='bbox 1287 1299 1366 1389; x_wconf 75' lang='lat' dir='ltr'>ell&#39;e</span> <span class='ocrx_word' id='word_1_65' title='bbox 1377 1303 1539 1422; x_wconf 78' lang='lat' dir='ltr'>poliunt</span> <span class='ocrx_word' id='word_1_66' title='bbox 1557 1311 1600 1389; x_wconf 89' lang='lat' dir='ltr'>in</span> <span class='ocrx_word' id='word_1_67' title='bbox 1614 1307 1748 1418; x_wconf 87' lang='lat' dir='ltr'>gradi-</span> 
     </span>
     <span class='ocr_line' id='line_1_10' title="bbox 372 1418 1756 1536; baseline -0.004 -27"><span class='ocrx_word' id='word_1_68' title='bbox 372 1425 447 1510; x_wconf 84' lang='lat' dir='ltr'>bus</span> <span class='ocrx_word' id='word_1_69' title='bbox 470 1421 761 1534; x_wconf 82' lang='lat' dir='ltr'>amphitheatri</span> <span class='ocrx_word' id='word_1_70' title='bbox 781 1482 793 1518; x_wconf 89' lang='lat'>,</span> <span class='ocrx_word' id='word_1_71' title='bbox 816 1418 941 1533; x_wconf 81' lang='lat' dir='ltr'>qualm</span> <span class='ocrx_word' id='word_1_72' title='bbox 970 1435 1013 1506; x_wconf 81' lang='lat' dir='ltr'>in</span> <span class='ocrx_word' id='word_1_73' title='bbox 1035 1419 1212 1535; x_wconf 71' lang='lat' dir='ltr'>subjetlo</span> <span class='ocrx_word' id='word_1_74' title='bbox 1226 1422 1380 1536; x_wconf 81' lang='lat' dir='ltr'>plano,</span> <span class='ocrx_word' id='word_1_75' title='bbox 1401 1429 1497 1536; x_wconf 90' lang='lat' dir='ltr'>quia</span> <span class='ocrx_word' id='word_1_76' title='bbox 1519 1420 1756 1535; x_wconf 74' lang='lat' dir='ltr'>graciliores</span> 
     </span>
     <span class='ocr_line' id='line_1_11' title="bbox 370 1531 1755 1656; baseline -0.002 -33"><span class='ocrx_word' id='word_1_77' title='bbox 370 1566 506 1656; x_wconf 88' lang='lat' dir='ltr'>partes</span> <span class='ocrx_word' id='word_1_78' title='bbox 536 1536 784 1650; x_wconf 82' lang='lat' dir='ltr'>luperiorum</span> <span class='ocrx_word' id='word_1_79' title='bbox 804 1534 1311 1649; x_wconf 82' lang='lat' dir='ltr'>respondent&#39;crtllioribus</span> <span class='ocrx_word' id='word_1_80' title='bbox 1341 1537 1610 1634; x_wconf 80' lang='lat' dir='ltr'>inferiorum,</span> <span class='ocrx_word' id='word_1_81' title='bbox 1639 1546 1681 1622; x_wconf 79' lang='grc' dir='ltr'>δι</span> <span class='ocrx_word' id='word_1_82' title='bbox 1710 1531 1755 1620; x_wconf 81' lang='lat' dir='ltr'>se</span> 
     </span>
     <span class='ocr_line' id='line_1_12' title="bbox 371 1647 1751 1769; baseline -0.006 -30"><span class='ocrx_word' id='word_1_83' title='bbox 371 1653 507 1740; x_wconf 80' lang='lat' dir='ltr'>minias</span> <span class='ocrx_word' id='word_1_84' title='bbox 529 1655 708 1735; x_wconf 87' lang='lat' dir='ltr'>invicem</span> <span class='ocrx_word' id='word_1_85' title='bbox 739 1647 1006 1764; x_wconf 77' lang='lat' dir='ltr'>impedientes</span> <span class='ocrx_word' id='word_1_86' title='bbox 1038 1660 1173 1738; x_wconf 88' lang='lat' dir='ltr'>minus</span> <span class='ocrx_word' id='word_1_87' title='bbox 1203 1654 1438 1769; x_wconf 88' lang='lat' dir='ltr'>relinquunt</span> <span class='ocrx_word' id='word_1_88' title='bbox 1465 1650 1575 1766; x_wconf 85' lang='lat' dir='ltr'>spatij</span> <span class='ocrx_word' id='word_1_89' title='bbox 1602 1647 1751 1734; x_wconf 74' lang='lat' dir='ltr'>vacui:</span> 
     </span>
     <span class='ocr_line' id='line_1_13' title="bbox 371 1764 1753 1886; baseline -0.004 -32"><span class='ocrx_word' id='word_1_90' title='bbox 371 1770 485 1886; x_wconf 83' lang='lat' dir='ltr'>quod</span> <span class='ocrx_word' id='word_1_91' title='bbox 503 1766 630 1853; x_wconf 88' lang='lat' dir='ltr'>finon</span> <span class='ocrx_word' id='word_1_92' title='bbox 643 1767 854 1864; x_wconf 89' lang='lat' dir='ltr'>homines,</span> <span class='ocrx_word' id='word_1_93' title='bbox 875 1764 942 1852; x_wconf 81' lang='lat' dir='ltr'>sed</span> <span class='ocrx_word' id='word_1_94' title='bbox 954 1767 1312 1884; x_wconf 85' lang='lat' dir='ltr'>parallelepipeda,</span> <span class='ocrx_word' id='word_1_95' title='bbox 1337 1768 1526 1882; x_wconf 82' lang='lat' dir='ltr'>statueres</span> <span class='ocrx_word' id='word_1_96' title='bbox 1546 1775 1589 1850; x_wconf 90' lang='lat' dir='ltr'>in</span> <span class='ocrx_word' id='word_1_97' title='bbox 1610 1765 1753 1876; x_wconf 82' lang='lat' dir='ltr'>gradi-</span> 
     </span>
     <span class='ocr_line' id='line_1_14' title="bbox 232 1877 1755 2086; baseline -0.003 -117"><span class='ocrx_word' id='word_1_98' title='bbox 232 1909 238 1918; x_wconf 85' lang='lat'>&#39;</span> <span class='ocrx_word' id='word_1_99' title='bbox 371 1879 702 2086; x_wconf 36' lang='lat' dir='ltr'>puspnpnplittra</span> <span class='ocrx_word' id='word_1_100' title='bbox 725 1879 845 1964; x_wconf 85' lang='lat' dir='ltr'>statui</span> <span class='ocrx_word' id='word_1_101' title='bbox 862 1887 908 1966; x_wconf 88' lang='lat' dir='ltr'>in</span> <span class='ocrx_word' id='word_1_102' title='bbox 927 1888 972 1966; x_wconf 85' lang='lat' dir='ltr'>irs</span> <span class='ocrx_word' id='word_1_103' title='bbox 986 1877 1161 1998; x_wconf 77' lang='lat' dir='ltr'>pollent,</span> <span class='ocrx_word' id='word_1_104' title='bbox 1175 1882 1298 2000; x_wconf 72' lang='lat' dir='ltr'>quim</span> <span class='ocrx_word' id='word_1_105' title='bbox 1312 1891 1354 1966; x_wconf 90' lang='lat' dir='ltr'>in</span> <span class='ocrx_word' id='word_1_106' title='bbox 1372 1881 1593 1998; x_wconf 72' lang='lat' dir='ltr'>plandarci</span> <span class='ocrx_word' id='word_1_107' title='bbox 1610 1881 1755 1994; x_wconf 69' lang='lat' dir='ltr'>gradi-</span> 
     </span>
     <span class='ocr_line' id='line_1_15' title="bbox 404 2023 891 2088; baseline -0.016 -4"><span class='ocrx_word' id='word_1_108' title='bbox 404 2031 457 2088; x_wconf 80' lang='lat' dir='ltr'>ut</span> <span class='ocrx_word' id='word_1_109' title='bbox 479 2030 505 2082; x_wconf 91' lang='lat' dir='ltr'>u</span> <span class='ocrx_word' id='word_1_110' title='bbox 551 2025 598 2078; x_wconf 88' lang='lat' dir='ltr'>ec</span> <span class='ocrx_word' id='word_1_111' title='bbox 641 2060 649 2078; x_wconf 94' lang='lat'><strong>.</strong></span> <span class='ocrx_word' id='word_1_112' title='bbox 887 2023 891 2029; x_wconf 76' lang='grc'>’</span> 
     </span>
     <span class='ocr_line' id='line_1_16' title="bbox 430 2027 1748 2234; baseline 0.001 -37"><span class='ocrx_word' id='word_1_113' title='bbox 430 2027 547 2198; x_wconf 69' lang='lat' dir='ltr'>lvlatcJ</span> <span class='ocrx_word' id='word_1_114' title='bbox 571 2137 709 2200; x_wconf 87' lang='lat' dir='ltr'>autem</span> <span class='ocrx_word' id='word_1_115' title='bbox 731 2113 996 2200; x_wconf 80' lang='lat' dir='ltr'>aedificiorum</span> <span class='ocrx_word' id='word_1_116' title='bbox 1021 2107 1225 2234; x_wconf 65' lang='lat' dir='ltr'>equalitas</span> <span class='ocrx_word' id='word_1_117' title='bbox 1259 2119 1301 2197; x_wconf 88' lang='lat' dir='ltr'>in</span> <span class='ocrx_word' id='word_1_118' title='bbox 1325 2113 1432 2202; x_wconf 82' lang='lat' dir='ltr'>clivo</span> <span class='ocrx_word' id='word_1_119' title='bbox 1462 2111 1505 2202; x_wconf 71' lang='grc' dir='ltr'>’δι’</span> <span class='ocrx_word' id='word_1_120' title='bbox 1540 2120 1583 2198; x_wconf 92' lang='lat' dir='ltr'>in</span> <span class='ocrx_word' id='word_1_121' title='bbox 1611 2111 1748 2230; x_wconf 86' lang='lat' dir='ltr'>plani-</span> 
     </span>
    </p>

    <p class='ocr_par' dir='ltr' id='par_1_3' title="bbox 303 2227 1858 4851">
     <span class='ocr_line' id='line_1_17' title="bbox 303 2227 1752 2344; baseline -0.003 -28"><span class='ocrx_word' id='word_1_122' title='bbox 303 2261 306 2266; x_wconf 85' lang='lat'><em>·</em></span> <span class='ocrx_word' id='word_1_123' title='bbox 373 2236 462 2330; x_wconf 85' lang='lat' dir='ltr'>tie,</span> <span class='ocrx_word' id='word_1_124' title='bbox 488 2227 627 2314; x_wconf 84' lang='lat' dir='ltr'>locum</span> <span class='ocrx_word' id='word_1_125' title='bbox 650 2257 734 2310; x_wconf 90' lang='lat' dir='ltr'>non</span> <span class='ocrx_word' id='word_1_126' title='bbox 754 2230 882 2315; x_wconf 81' lang='lat' dir='ltr'>habet</span> <span class='ocrx_word' id='word_1_127' title='bbox 898 2232 971 2314; x_wconf 86' lang='lat' dir='ltr'>nist</span> <span class='ocrx_word' id='word_1_128' title='bbox 1002 2238 1107 2318; x_wconf 84' lang='lat' dir='ltr'>intra</span> <span class='ocrx_word' id='word_1_129' title='bbox 1128 2231 1229 2320; x_wconf 85' lang='lat' dir='ltr'>illud</span> <span class='ocrx_word' id='word_1_130' title='bbox 1253 2227 1451 2343; x_wconf 86' lang='lat' dir='ltr'>spatium,</span> <span class='ocrx_word' id='word_1_131' title='bbox 1480 2231 1592 2344; x_wconf 90' lang='lat' dir='ltr'>quod</span> <span class='ocrx_word' id='word_1_132' title='bbox 1618 2237 1752 2314; x_wconf 76' lang='lat' dir='ltr'>inter-</span> 
     </span>
     <span class='ocr_line' id='line_1_18' title="bbox 375 2341 1751 2463; baseline -0.004 -30"><span class='ocrx_word' id='word_1_133' title='bbox 375 2351 524 2462; x_wconf 84' lang='lat' dir='ltr'>cipitur</span> <span class='ocrx_word' id='word_1_134' title='bbox 548 2341 892 2458; x_wconf 60' lang='lat' dir='ltr'>&amp;perpendiculis</span> <span class='ocrx_word' id='word_1_135' title='bbox 918 2347 1091 2461; x_wconf 71' lang='lat' dir='ltr'>Phyfice</span> <span class='ocrx_word' id='word_1_136' title='bbox 1116 2345 1311 2463; x_wconf 84' lang='lat' dir='ltr'>parallelis</span> <span class='ocrx_word' id='word_1_137' title='bbox 1333 2381 1344 2440; x_wconf 67' lang='grc' dir='ltr'><strong><em>ς</em></strong></span> <span class='ocrx_word' id='word_1_138' title='bbox 1371 2345 1502 2430; x_wconf 81' lang='lat' dir='ltr'>statim</span> <span class='ocrx_word' id='word_1_139' title='bbox 1523 2350 1634 2430; x_wconf 91' lang='lat' dir='ltr'>enim</span> <span class='ocrx_word' id='word_1_140' title='bbox 1652 2375 1699 2430; x_wconf 91' lang='lat' dir='ltr'>ac</span> <span class='ocrx_word' id='word_1_141' title='bbox 1724 2342 1751 2428; x_wconf 77' lang='lat' dir='ltr'>d</span> 
     </span>
     <span class='ocr_line' id='line_1_19' title="bbox 373 2455 1752 2578; baseline -0.001 -30"><span class='ocrx_word' id='word_1_142' title='bbox 373 2455 636 2578; x_wconf 79' lang='lat' dir='ltr'>parallelillno</span> <span class='ocrx_word' id='word_1_143' title='bbox 661 2460 857 2544; x_wconf 86' lang='lat' dir='ltr'>recedunt</span> <span class='ocrx_word' id='word_1_144' title='bbox 882 2465 1171 2576; x_wconf 81' lang='lat' dir='ltr'>perpendicula</span> <span class='ocrx_word' id='word_1_145' title='bbox 1193 2461 1253 2559; x_wconf 82' lang='lat' dir='ltr'>,fi</span> <span class='ocrx_word' id='word_1_146' title='bbox 1276 2491 1324 2546; x_wconf 88' lang='lat' dir='ltr'>ea</span> <span class='ocrx_word' id='word_1_147' title='bbox 1343 2461 1465 2548; x_wconf 87' lang='lat' dir='ltr'>fuerit</span> <span class='ocrx_word' id='word_1_148' title='bbox 1486 2460 1682 2558; x_wconf 89' lang='lat' dir='ltr'>altitudo,</span> <span class='ocrx_word' id='word_1_149' title='bbox 1696 2461 1752 2546; x_wconf 84' lang='lat' dir='ltr'>ad</span> 
     </span>
     <span class='ocr_line' id='line_1_20' title="bbox 375 2569 1752 2696; baseline -0.003 -34"><span class='ocrx_word' id='word_1_150' title='bbox 375 2607 499 2696; x_wconf 93' lang='lat' dir='ltr'>quam</span> <span class='ocrx_word' id='word_1_151' title='bbox 525 2569 900 2660; x_wconf 71' lang='lat' dir='ltr'>clivusrascendens</span> <span class='ocrx_word' id='word_1_152' title='bbox 928 2583 1078 2678; x_wconf 84' lang='lat' dir='ltr'>venit,</span> <span class='ocrx_word' id='word_1_153' title='bbox 1117 2596 1183 2661; x_wconf 79' lang='lat' dir='ltr'>ut·</span> <span class='ocrx_word' id='word_1_154' title='bbox 1193 2575 1377 2689; x_wconf 87' lang='lat' dir='ltr'>planities</span> <span class='ocrx_word' id='word_1_155' title='bbox 1410 2575 1596 2692; x_wconf 88' lang='lat' dir='ltr'>parallela</span> <span class='ocrx_word' id='word_1_156' title='bbox 1627 2575 1752 2690; x_wconf 90' lang='lat' dir='ltr'>plano</span> 
     </span>
     <span class='ocr_line' id='line_1_21' title="bbox 373 2687 1752 2806; baseline -0.002 -29"><span class='ocrx_word' id='word_1_157' title='bbox 373 2688 620 2782; x_wconf 86' lang='lat' dir='ltr'>horizontali</span> <span class='ocrx_word' id='word_1_158' title='bbox 644 2694 691 2772; x_wconf 88' lang='lat' dir='ltr'>in</span> <span class='ocrx_word' id='word_1_159' title='bbox 713 2687 762 2773; x_wconf 73' lang='lat' dir='ltr'>ed</span> <span class='ocrx_word' id='word_1_160' title='bbox 782 2689 998 2806; x_wconf 87' lang='lat' dir='ltr'>altimdine</span> <span class='ocrx_word' id='word_1_161' title='bbox 1022 2695 1151 2806; x_wconf 75' lang='lat' dir='ltr'>major</span> <span class='ocrx_word' id='word_1_162' title='bbox 1177 2693 1224 2776; x_wconf 85' lang='lat' dir='ltr'>lit</span> <span class='ocrx_word' id='word_1_163' title='bbox 1248 2755 1259 2784; x_wconf 81' lang='grc'><em>,</em></span> <span class='ocrx_word' id='word_1_164' title='bbox 1298 2688 1426 2805; x_wconf 72' lang='lat' dir='ltr'>qnam·</span> <span class='ocrx_word' id='word_1_165' title='bbox 1451 2691 1585 2776; x_wconf 77' lang='lat' dir='ltr'>similis</span> <span class='ocrx_word' id='word_1_166' title='bbox 1614 2691 1752 2806; x_wconf 84' lang='lat' dir='ltr'>plarii-</span> 
     </span>
     <span class='ocr_line' id='line_1_22' title="bbox 375 2802 1751 2922; baseline -0.001 -30"><span class='ocrx_word' id='word_1_167' title='bbox 375 2815 450 2893; x_wconf 89' lang='lat' dir='ltr'>ties</span> <span class='ocrx_word' id='word_1_168' title='bbox 475 2805 722 2918; x_wconf 80' lang='lat' dir='ltr'>depreffiot‚</span> <span class='ocrx_word' id='word_1_169' title='bbox 752 2809 881 2888; x_wconf 87' lang='lat' dir='ltr'>etiam</span> <span class='ocrx_word' id='word_1_170' title='bbox 899 2806 1012 2921; x_wconf 82' lang='lat' dir='ltr'>plora</span> <span class='ocrx_word' id='word_1_171' title='bbox 1040 2809 1213 2892; x_wconf 77' lang='lat' dir='ltr'>aedilicia</span> <span class='ocrx_word' id='word_1_172' title='bbox 1235 2811 1403 2922; x_wconf 81' lang='lat' dir='ltr'>recipiet</span> <span class='ocrx_word' id='word_1_173' title='bbox 1434 2802 1596 2905; x_wconf 89' lang='lat' dir='ltr'>clivus,</span> <span class='ocrx_word' id='word_1_174' title='bbox 1625 2802 1751 2922; x_wconf 70' lang='lat' dir='ltr'>quim</span> 
     </span>
     <span class='ocr_line' id='line_1_23' title="bbox 374 2919 1752 3036; baseline -0.006 -24"><span class='ocrx_word' id='word_1_175' title='bbox 374 2931 496 3012; x_wconf 80' lang='lat' dir='ltr'>urtica</span> <span class='ocrx_word' id='word_1_176' title='bbox 524 2919 724 3034; x_wconf 71' lang='lat' dir='ltr'>&#39;planities</span> <span class='ocrx_word' id='word_1_177' title='bbox 750 2921 1014 3008; x_wconf 79' lang='lat' dir='ltr'>horizontalit</span> <span class='ocrx_word' id='word_1_178' title='bbox 1050 2921 1235 3036; x_wconf 73' lang='lat' dir='ltr'>subjecla.</span> <span class='ocrx_word' id='word_1_179' title='bbox 1287 2927 1494 3021; x_wconf 71' lang='lat' dir='ltr'>Ponamut-</span> <span class='ocrx_word' id='word_1_180' title='bbox 1516 2929 1629 3005; x_wconf 86' lang='lat' dir='ltr'>eni-m</span> <span class='ocrx_word' id='word_1_181' title='bbox 1655 2951 1752 3036; x_wconf 89' lang='lat' dir='ltr'>pet-</span> 
     </span>
     <span class='ocr_line' id='line_1_24' title="bbox 373 3031 1751 3156; baseline -0.003 -32"><span class='ocrx_word' id='word_1_182' title='bbox 373 3035 593 3156; x_wconf 87' lang='lat' dir='ltr'>pendicula</span> <span class='ocrx_word' id='word_1_183' title='bbox 618 3035 659 3118; x_wconf 93' lang='lat' dir='ltr'><strong>G</strong></span> <span class='ocrx_word' id='word_1_184' title='bbox 674 3037 710 3118; x_wconf 90' lang='lat' dir='ltr'>C</span> <span class='ocrx_word' id='word_1_185' title='bbox 725 3099 735 3130; x_wconf 80' lang='grc'><em>,</em></span> <span class='ocrx_word' id='word_1_186' title='bbox 762 3047 805 3122; x_wconf 64' lang='lat' dir='ltr'><em>k</em></span> <span class='ocrx_word' id='word_1_187' title='bbox 828 3039 922 3121; x_wconf 85' lang='lat' dir='ltr'>OG</span> <span class='ocrx_word' id='word_1_188' title='bbox 941 3042 1026 3154; x_wconf 86' lang='lat' dir='ltr'>jam</span> <span class='ocrx_word' id='word_1_189' title='bbox 1043 3069 1130 3120; x_wconf 90' lang='lat' dir='ltr'>non</span> <span class='ocrx_word' id='word_1_190' title='bbox 1148 3031 1228 3122; x_wconf 80' lang='lat' dir='ltr'>effe</span> <span class='ocrx_word' id='word_1_191' title='bbox 1250 3035 1435 3151; x_wconf 78' lang='lat' dir='ltr'>parallelo</span> <span class='ocrx_word' id='word_1_192' title='bbox 1454 3098 1465 3133; x_wconf 86' lang='lat'>,</span> <span class='ocrx_word' id='word_1_193' title='bbox 1483 3031 1751 3152; x_wconf 80' lang='lat' dir='ltr'>eamqueelle</span> 
     </span>
     <span class='ocr_line' id='line_1_25' title="bbox 373 3152 1751 3268; baseline 0 -30"><span class='ocrx_word' id='word_1_194' title='bbox 373 3153 634 3239; x_wconf 76' lang='lat' dir='ltr'>altitudinem</span> <span class='ocrx_word' id='word_1_195' title='bbox 665 3153 761 3236; x_wconf 88' lang='lat' dir='ltr'>KG</span> <span class='ocrx_word' id='word_1_196' title='bbox 788 3213 804 3250; x_wconf 75' lang='lat'><strong>,</strong></span> <span class='ocrx_word' id='word_1_197' title='bbox 840 3179 885 3234; x_wconf 88' lang='lat' dir='ltr'>ut</span> <span class='ocrx_word' id='word_1_198' title='bbox 926 3152 1093 3266; x_wconf 82' lang='lat' dir='ltr'>planum</span> <span class='ocrx_word' id='word_1_199' title='bbox 1135 3183 1208 3268; x_wconf 90' lang='lat' dir='ltr'>per</span> <span class='ocrx_word' id='word_1_200' title='bbox 1244 3153 1287 3237; x_wconf 89' lang='lat' dir='ltr'>G</span> <span class='ocrx_word' id='word_1_201' title='bbox 1313 3153 1508 3236; x_wconf 80' lang='lat' dir='ltr'>tranfiens</span> <span class='ocrx_word' id='word_1_202' title='bbox 1540 3154 1751 3238; x_wconf 79' lang='lat' dir='ltr'>horizonti</span> 
     </span>
     <span class='ocr_line' id='line_1_26' title="bbox 375 3265 1751 3388; baseline -0.003 -34"><span class='ocrx_word' id='word_1_203' title='bbox 375 3267 610 3388; x_wconf 86' lang='lat' dir='ltr'>parallelum</span> <span class='ocrx_word' id='word_1_204' title='bbox 636 3269 765 3377; x_wconf 89' lang='lat' dir='ltr'>majus</span> <span class='ocrx_word' id='word_1_205' title='bbox 783 3267 834 3348; x_wconf 49' lang='lat' dir='ltr'>*stt</span> <span class='ocrx_word' id='word_1_206' title='bbox 858 3265 981 3380; x_wconf 84' lang='lat' dir='ltr'>plano</span> <span class='ocrx_word' id='word_1_207' title='bbox 1009 3297 1082 3382; x_wconf 87' lang='lat' dir='ltr'>per</span> <span class='ocrx_word' id='word_1_208' title='bbox 1107 3273 1149 3352; x_wconf 91' lang='lat' dir='ltr'>O</span> <span class='ocrx_word' id='word_1_209' title='bbox 1181 3274 1288 3352; x_wconf 91' lang='lat' dir='ltr'>intra</span> <span class='ocrx_word' id='word_1_210' title='bbox 1308 3269 1452 3351; x_wconf 87' lang='lat' dir='ltr'>eadem</span> <span class='ocrx_word' id='word_1_211' title='bbox 1478 3270 1751 3382; x_wconf 80' lang='lat' dir='ltr'>perpenditu-</span> 
     </span>
     <span class='ocr_line' id='line_1_27' title="bbox 374 3381 1748 3500; baseline -0.004 -28"><span class='ocrx_word' id='word_1_212' title='bbox 374 3391 414 3472; x_wconf 81' lang='lat' dir='ltr'>la</span> <span class='ocrx_word' id='word_1_213' title='bbox 435 3391 689 3493; x_wconf 88' lang='lat' dir='ltr'>intercepto,</span> <span class='ocrx_word' id='word_1_214' title='bbox 725 3383 990 3494; x_wconf 82' lang='lat' dir='ltr'>eritquidem</span> <span class='ocrx_word' id='word_1_215' title='bbox 1015 3381 1341 3500; x_wconf 66' lang='lat' dir='ltr'>capacior-plani</span> <span class='ocrx_word' id='word_1_216' title='bbox 1357 3382 1544 3466; x_wconf 69' lang='lat' dir='ltr'>inclinati</span> <span class='ocrx_word' id='word_1_217' title='bbox 1566 3384 1662 3467; x_wconf 90' lang='lat' dir='ltr'>GO</span> <span class='ocrx_word' id='word_1_218' title='bbox 1677 3383 1748 3468; x_wconf 80' lang='lat' dir='ltr'>LF</span> 
     </span>
     <span class='ocr_line' id='line_1_28' title="bbox 376 3491 1858 3616; baseline -0.003 -32"><span class='ocrx_word' id='word_1_219' title='bbox 376 3499 540 3616; x_wconf 80' lang='lat' dir='ltr'>aequalis</span> <span class='ocrx_word' id='word_1_220' title='bbox 563 3499 774 3610; x_wconf 86' lang='lat' dir='ltr'>capacitati</span> <span class='ocrx_word' id='word_1_221' title='bbox 796 3493 961 3611; x_wconf 70' lang='lat' dir='ltr'>strbjedli</span> <span class='ocrx_word' id='word_1_222' title='bbox 981 3496 1091 3614; x_wconf 81' lang='lat' dir='ltr'>plani</span> <span class='ocrx_word' id='word_1_223' title='bbox 1115 3501 1146 3580; x_wconf 88' lang='lat' dir='ltr'><strong>E</strong></span> <span class='ocrx_word' id='word_1_224' title='bbox 1168 3503 1267 3584; x_wconf 81' lang='lat' dir='ltr'>K·O</span> <span class='ocrx_word' id='word_1_225' title='bbox 1289 3499 1323 3579; x_wconf 91' lang='lat' dir='ltr'>L</span> <span class='ocrx_word' id='word_1_226' title='bbox 1341 3525 1412 3580; x_wconf 67' lang='lat' dir='ltr'>tat</span> <span class='ocrx_word' id='word_1_227' title='bbox 1431 3491 1752 3582; x_wconf 71' lang='lat' dir='ltr'>ulterltlts&#39;ascen·</span> <span class='ocrx_word' id='word_1_228' title='bbox 1853 3583 1858 3590; x_wconf 76' lang='grc'><strong>,</strong></span> 
     </span>
     <span class='ocr_line' id='line_1_29' title="bbox 376 3612 1751 3729; baseline -0.003 -27"><span class='ocrx_word' id='word_1_229' title='bbox 376 3616 513 3702; x_wconf 88' lang='lat' dir='ltr'>dendo</span> <span class='ocrx_word' id='word_1_230' title='bbox 538 3616 736 3726; x_wconf 85' lang='lat' dir='ltr'>capacitas</span> <span class='ocrx_word' id='word_1_231' title='bbox 764 3619 794 3698; x_wconf 86' lang='lat' dir='ltr'>F</span> <span class='ocrx_word' id='word_1_232' title='bbox 814 3613 856 3696; x_wconf 90' lang='lat' dir='ltr'>G</span> <span class='ocrx_word' id='word_1_233' title='bbox 873 3615 922 3705; x_wconf 88' lang='lat' dir='ltr'>M</span> <span class='ocrx_word' id='word_1_234' title='bbox 941 3616 980 3695; x_wconf 84' lang='lat' dir='ltr'>R</span> <span class='ocrx_word' id='word_1_235' title='bbox 1006 3643 1097 3696; x_wconf 85' lang='lat' dir='ltr'>non</span> <span class='ocrx_word' id='word_1_236' title='bbox 1115 3619 1193 3696; x_wconf 89' lang='lat' dir='ltr'>erit</span> <span class='ocrx_word' id='word_1_237' title='bbox 1216 3612 1385 3729; x_wconf 66' lang='lat' dir='ltr'>aqualis</span> <span class='ocrx_word' id='word_1_238' title='bbox 1403 3617 1615 3726; x_wconf 80' lang='lat' dir='ltr'>capacitati</span> <span class='ocrx_word' id='word_1_239' title='bbox 1640 3613 1751 3727; x_wconf 86' lang='lat' dir='ltr'>plani</span> 
     </span>
     <span class='ocr_line' id='line_1_30' title="bbox 378 3727 1750 3843; baseline -0.004 -27"><span class='ocrx_word' id='word_1_240' title='bbox 378 3735 403 3816; x_wconf 86' lang='lat' dir='ltr'><strong>S</strong></span> <span class='ocrx_word' id='word_1_241' title='bbox 424 3735 462 3816; x_wconf 91' lang='lat' dir='ltr'>K</span> <span class='ocrx_word' id='word_1_242' title='bbox 491 3731 717 3812; x_wconf 89' lang='lat' dir='ltr'>continuati</span> <span class='ocrx_word' id='word_1_243' title='bbox 737 3757 832 3812; x_wconf 88' lang='lat' dir='ltr'>cum</span> <span class='ocrx_word' id='word_1_244' title='bbox 858 3732 990 3841; x_wconf 87' lang='lat' dir='ltr'>prior&#39;e</span> <span class='ocrx_word' id='word_1_245' title='bbox 1008 3727 1129 3843; x_wconf 85' lang='lat' dir='ltr'>plano</span> <span class='ocrx_word' id='word_1_246' title='bbox 1155 3728 1264 3830; x_wconf 77' lang='lat' dir='ltr'>EO,</span> <span class='ocrx_word' id='word_1_247' title='bbox 1288 3727 1433 3813; x_wconf 85' lang='lat' dir='ltr'>sederit</span> <span class='ocrx_word' id='word_1_248' title='bbox 1455 3733 1604 3842; x_wconf 84' lang='lat' dir='ltr'>major,</span> <span class='ocrx_word' id='word_1_249' title='bbox 1626 3733 1750 3842; x_wconf 84' lang='lat' dir='ltr'>quip-</span> 
     </span>
     <span class='ocr_line' id='line_1_31' title="bbox 376 3839 1749 3962; baseline 0 -35"><span class='ocrx_word' id='word_1_250' title='bbox 376 3875 429 3962; x_wconf 87' lang='lat' dir='ltr'>pe</span> <span class='ocrx_word' id='word_1_251' title='bbox 455 3873 545 3960; x_wconf 82' lang='lat' dir='ltr'>quae</span> <span class='ocrx_word' id='word_1_252' title='bbox 576 3839 737 3955; x_wconf 84' lang='lat' dir='ltr'>aequalis</span> <span class='ocrx_word' id='word_1_253' title='bbox 759 3841 823 3926; x_wconf 75' lang='lat' dir='ltr'>est</span> <span class='ocrx_word' id='word_1_254' title='bbox 847 3849 1063 3957; x_wconf 77' lang='lat' dir='ltr'>capacitati</span> <span class='ocrx_word' id='word_1_255' title='bbox 1092 3841 1201 3957; x_wconf 70' lang='lat' dir='ltr'>plani</span> <span class='ocrx_word' id='word_1_256' title='bbox 1228 3854 1266 3932; x_wconf 85' lang='lat' dir='ltr'>V</span> <span class='ocrx_word' id='word_1_257' title='bbox 1286 3846 1331 3928; x_wconf 86' lang='lat' dir='ltr'>G</span> <span class='ocrx_word' id='word_1_258' title='bbox 1345 3877 1369 3936; x_wconf 66' lang='grc' dir='ltr'>’ς</span> <span class='ocrx_word' id='word_1_259' title='bbox 1402 3843 1462 3928; x_wconf 88' lang='lat' dir='ltr'>est</span> <span class='ocrx_word' id='word_1_260' title='bbox 1483 3861 1626 3931; x_wconf 64' lang='lat' dir='ltr'>autem</span> <span class='ocrx_word' id='word_1_261' title='bbox 1661 3844 1749 3958; x_wconf 88' lang='lat' dir='ltr'>pla-</span> 
     </span>
     <span class='ocr_line' id='line_1_32' title="bbox 377 3955 1752 4074; baseline -0.001 -28"><span class='ocrx_word' id='word_1_262' title='bbox 377 3991 481 4046; x_wconf 85' lang='lat' dir='ltr'>num</span> <span class='ocrx_word' id='word_1_263' title='bbox 511 3965 549 4044; x_wconf 91' lang='lat' dir='ltr'>V</span> <span class='ocrx_word' id='word_1_264' title='bbox 571 3957 612 4040; x_wconf 89' lang='lat' dir='ltr'><strong>G</strong></span> <span class='ocrx_word' id='word_1_265' title='bbox 642 3957 694 4040; x_wconf 86' lang='lat' dir='ltr'>ad</span> <span class='ocrx_word' id='word_1_266' title='bbox 718 3955 885 4070; x_wconf 89' lang='lat' dir='ltr'>planum</span> <span class='ocrx_word' id='word_1_267' title='bbox 906 3957 1040 4042; x_wconf 83' lang='lat' dir='ltr'>limile¹</span> <span class='ocrx_word' id='word_1_268' title='bbox 1070 3960 1184 4058; x_wconf 71' lang='lat'>814,</span> <span class='ocrx_word' id='word_1_269' title='bbox 1223 3987 1269 4042; x_wconf 91' lang='lat' dir='ltr'>ut</span> <span class='ocrx_word' id='word_1_270' title='bbox 1299 3961 1541 4074; x_wconf 85' lang='lat' dir='ltr'>quadratum</span> <span class='ocrx_word' id='word_1_271' title='bbox 1571 3961 1612 4044; x_wconf 90' lang='lat' dir='ltr'>G</span> <span class='ocrx_word' id='word_1_272' title='bbox 1638 3963 1675 4044; x_wconf 89' lang='lat' dir='ltr'>C</span> <span class='ocrx_word' id='word_1_273' title='bbox 1699 3961 1752 4044; x_wconf 85' lang='lat' dir='ltr'>ad</span> 
     </span>
     <span class='ocr_line' id='line_1_33' title="bbox 379 4072 1758 4190; baseline 0.001 -31"><span class='ocrx_word' id='word_1_274' title='bbox 379 4075 624 4190; x_wconf 80' lang='lat' dir='ltr'>quadratum</span> <span class='ocrx_word' id='word_1_275' title='bbox 651 4072 687 4150; x_wconf 88' lang='lat' dir='ltr'>K</span> <span class='ocrx_word' id='word_1_276' title='bbox 702 4075 738 4157; x_wconf 90' lang='lat' dir='ltr'>C</span> <span class='ocrx_word' id='word_1_277' title='bbox 759 4109 767 4151; x_wconf 74' lang='grc' dir='ltr'><strong><em>ε</em></strong></span> <span class='ocrx_word' id='word_1_278' title='bbox 786 4077 915 4185; x_wconf 83' lang='lat' dir='ltr'>major</span> <span class='ocrx_word' id='word_1_279' title='bbox 929 4077 1055 4186; x_wconf 85' lang='lat' dir='ltr'>igitur</span> <span class='ocrx_word' id='word_1_280' title='bbox 1070 4073 1132 4158; x_wconf 88' lang='lat' dir='ltr'>est</span> <span class='ocrx_word' id='word_1_281' title='bbox 1151 4099 1274 4158; x_wconf 86' lang='lat' dir='ltr'>tonus</span> <span class='ocrx_word' id='word_1_282' title='bbox 1290 4075 1390 4159; x_wconf 84' lang='lat' dir='ltr'>clivi</span> <span class='ocrx_word' id='word_1_283' title='bbox 1404 4074 1464 4174; x_wconf 13' lang='lat' dir='ltr'>*M</span> <span class='ocrx_word' id='word_1_284' title='bbox 1480 4077 1513 4158; x_wconf 90' lang='lat' dir='ltr'>L</span> <span class='ocrx_word' id='word_1_285' title='bbox 1538 4081 1758 4190; x_wconf 62' lang='lat' dir='ltr'>capacitas„</span> 
     </span>
     <span class='ocr_line' id='line_1_34' title="bbox 377 4190 1805 4305; baseline -0.009 -30"><span class='ocrx_word' id='word_1_286' title='bbox 377 4190 503 4305; x_wconf 69' lang='lat' dir='ltr'>quim</span> <span class='ocrx_word' id='word_1_287' title='bbox 518 4190 701 4304; x_wconf 86' lang='lat' dir='ltr'>planitiei</span> <span class='ocrx_word' id='word_1_288' title='bbox 729 4191 830 4272; x_wconf 81' lang='lat'>80..</span> <span class='ocrx_word' id='word_1_289' title='bbox 963 4273 967 4282; x_wconf 58' lang='grc'><strong>,</strong></span> <span class='ocrx_word' id='word_1_290' title='bbox 1494 4213 1498 4223; x_wconf 94' lang='grc'><em>·</em></span> <span class='ocrx_word' id='word_1_291' title='bbox 1541 4229 1546 4236; x_wconf 94' lang='grc'>-</span> <span class='ocrx_word' id='word_1_292' title='bbox 1709 4255 1714 4264; x_wconf 90' lang='grc'><strong>.</strong></span> <span class='ocrx_word' id='word_1_293' title='bbox 1801 4202 1805 4208; x_wconf 86' lang='grc'><em>·</em></span> 
     </span>
     <span class='ocr_line' id='line_1_35' title="bbox 382 4301 1755 4420; baseline 0 -32"><span class='ocrx_word' id='word_1_294' title='bbox 382 4369 384 4376; x_wconf 53' lang='grc'>,</span> <span class='ocrx_word' id='word_1_295' title='bbox 435 4307 488 4388; x_wconf 87' lang='lat' dir='ltr'>Et</span> <span class='ocrx_word' id='word_1_296' title='bbox 516 4333 566 4388; x_wconf 89' lang='lat' dir='ltr'>ut</span> <span class='ocrx_word' id='word_1_297' title='bbox 604 4324 666 4388; x_wconf 82' lang='lat' dir='ltr'>res</span> <span class='ocrx_word' id='word_1_298' title='bbox 698 4307 873 4418; x_wconf 88' lang='lat' dir='ltr'>apertius</span> <span class='ocrx_word' id='word_1_299' title='bbox 909 4303 1106 4402; x_wconf 89' lang='lat' dir='ltr'>constet,</span> <span class='ocrx_word' id='word_1_300' title='bbox 1151 4302 1485 4420; x_wconf 83' lang='lat' dir='ltr'>quandoquidem</span> <span class='ocrx_word' id='word_1_301' title='bbox 1518 4302 1613 4388; x_wconf 91' lang='lat' dir='ltr'>clivi</span> <span class='ocrx_word' id='word_1_302' title='bbox 1640 4301 1755 4389; x_wconf 79' lang='lat' dir='ltr'>altis·</span> 
     </span>
     <span class='ocr_line' id='line_1_36' title="bbox 376 4417 1758 4518; baseline 0 -14"><span class='ocrx_word' id='word_1_303' title='bbox 376 4421 571 4518; x_wconf 78' lang='lat' dir='ltr'>¹limorum</span> <span class='ocrx_word' id='word_1_304' title='bbox 591 4425 829 4517; x_wconf 84' lang='lat' dir='ltr'>montium,</span> <span class='ocrx_word' id='word_1_305' title='bbox 872 4420 900 4504; x_wconf 87' lang='lat' dir='ltr'>fi</span> <span class='ocrx_word' id='word_1_306' title='bbox 929 4423 1104 4505; x_wconf 78' lang='lat' dir='ltr'>eandem</span> <span class='ocrx_word' id='word_1_307' title='bbox 1130 4417 1291 4504; x_wconf 83' lang='lat' dir='ltr'>servent</span> <span class='ocrx_word' id='word_1_308' title='bbox 1310 4417 1643 4516; x_wconf 78' lang='lat' dir='ltr'>inclinationem,</span> <span class='ocrx_word' id='word_1_309' title='bbox 1666 4448 1758 4504; x_wconf 81' lang='lat' dir='ltr'>nom</span> 
     </span>
     <span class='ocr_line' id='line_1_37' title="bbox 375 4533 1749 4652; baseline -0.006 -26"><span class='ocrx_word' id='word_1_310' title='bbox 375 4536 471 4626; x_wconf 78' lang='lat' dir='ltr'>sunt</span> <span class='ocrx_word' id='word_1_311' title='bbox 499 4535 554 4620; x_wconf 87' lang='lat' dir='ltr'>ab</span> <span class='ocrx_word' id='word_1_312' title='bbox 579 4539 661 4620; x_wconf 91' lang='lat' dir='ltr'>imo</span> <span class='ocrx_word' id='word_1_313' title='bbox 683 4535 789 4650; x_wconf 86' lang='lat' dir='ltr'>pede</span> <span class='ocrx_word' id='word_1_314' title='bbox 814 4536 866 4620; x_wconf 85' lang='lat' dir='ltr'>ad</span> <span class='ocrx_word' id='word_1_315' title='bbox 892 4533 1091 4620; x_wconf 83' lang='lat' dir='ltr'>summurn</span> <span class='ocrx_word' id='word_1_316' title='bbox 1114 4539 1263 4649; x_wconf 86' lang='lat' dir='ltr'>jugum</span> <span class='ocrx_word' id='word_1_317' title='bbox 1291 4533 1515 4652; x_wconf 59' lang='lat' dir='ltr'>aequabili,</span> <span class='ocrx_word' id='word_1_318' title='bbox 1546 4545 1587 4622; x_wconf 89' lang='lat'>&amp;</span> <span class='ocrx_word' id='word_1_319' title='bbox 1614 4538 1749 4618; x_wconf 84' lang='lat' dir='ltr'>conti-</span> 
     </span>
     <span class='ocr_line' id='line_1_38' title="bbox 377 4647 1812 4851; baseline -0.015 -98"><span class='ocrx_word' id='word_1_320' title='bbox 377 4681 467 4752; x_wconf 62' lang='grc' dir='ltr'>ΜΟ</span> <span class='ocrx_word' id='word_1_321' title='bbox 490 4651 618 4740; x_wconf 69' lang='lat' dir='ltr'>ductu</span> <span class='ocrx_word' id='word_1_322' title='bbox 645 4651 801 4743; x_wconf 80' lang='lat' dir='ltr'>extensa</span> <span class='ocrx_word' id='word_1_323' title='bbox 819 4711 837 4758; x_wconf 72' lang='lat'><em>,</em></span> <span class='ocrx_word' id='word_1_324' title='bbox 874 4656 937 4744; x_wconf 80' lang='lat' dir='ltr'>Sit</span> <span class='ocrx_word' id='word_1_325' title='bbox 956 4679 1073 4745; x_wconf 80' lang='lat' dir='ltr'>ttrrae</span> <span class='ocrx_word' id='word_1_326' title='bbox 1097 4653 1403 4762; x_wconf 75' lang='lat' dir='ltr'>cemmmH,</span> <span class='ocrx_word' id='word_1_327' title='bbox 1446 4663 1493 4744; x_wconf 65' lang='grc' dir='ltr'>’ἃ</span> <span class='ocrx_word' id='word_1_328' title='bbox 1520 4647 1752 4851; x_wconf 52' lang='grc' dir='ltr'>Γυρεῐέεὗαε</span> <span class='ocrx_word' id='word_1_329' title='bbox 1807 4693 1812 4700; x_wconf 94' lang='lat'><strong>·</strong></span> 
     </span>
    </p>

    <p class='ocr_par' dir='ltr' id='par_1_4' title="bbox 962 4817 1753 4862">
     <span class='ocr_line' id='line_1_39' title="bbox 962 4817 1753 4862; baseline -0.001 1"><span class='ocrx_word' id='word_1_330' title='bbox 962 4837 966 4846; x_wconf 94' lang='lat'>·</span> <span class='ocrx_word' id='word_1_331' title='bbox 1731 4817 1753 4862; x_wconf 71' lang='grc'><strong><em>1</em></strong></span> 
     </span>
    </p>
   </div>
   <div class='ocr_carea' id='block_1_3' title="bbox 0 0 1973 5262">
    <p class='ocr_par' dir='ltr' id='par_1_5' title="bbox 0 0 1973 5262">
     <span class='ocr_line' id='line_1_40' title="bbox 0 0 1973 5262; baseline 0 0"><span class='ocrx_word' id='word_1_332' title='bbox 0 0 1973 5262; x_wconf 95' lang='lat' dir='ltr'> </span> 
     </span>
    </p>
   </div>
  </div>
 </body>
</html>
