3708 5274
452 185 608 305 Liber
609 183 873 345 fiptinnts.
906 138 1033 306 CAP
1047 186 1126 308 ιη’·
1148 193 1185 304 Ι.
1392 205 1503 338 647

126 351 301 444 mumlit
332 348 744 472 scopus'scindentisr
773 344 862 467 qud
882 378 1019 438 autem
1046 350 1217 440 validius
1238 379 1369 469 partes
1385 361 1429 442 in
1454 361 1506 444 M

131 475 462 583 conjunguntur,
476 473 600 556 etiam
615 465 820 553 difficilius
836 493 1036 584 urgentur
1053 471 1185 584 partes
1210 474 1241 553 B
1260 473 1354 558 &C
1370 473 1507 588 :ligna

130 583 232 678 verti
242 588 378 672 adhuc
391 586 557 682 viridia,
571 585 737 672 &lento
747 583 922 670 humore
937 583 1080 698 plena,
1095 591 1190 698 quia
1203 589 1404 702 particule
1417 621 1505 678 rna-

126 708 256 819 jorem
273 699 572 786 distrtstionem
598 699 766 802 ferunt,
794 725 874 786 nec
897 699 1021 788 facile
1052 699 1275 804 diffiliunt,
1301 705 1508 796 difficiliits

130 818 392 914 scinduntur,
410 813 535 932 quim
553 813 665 928 ligna
682 815 807 904 arida.

189 939 295 1058 Qae
312 930 451 1046 itaque
472 933 525 1016 de
544 934 695 1018 Cuneo
714 928 870 1042 vulgari
892 932 999 1022 drea
1016 931 1107 1020 suut
1122 994 1135 1032 ,
1152 929 1276 1019 facile
1291 930 1508 1025 innotescit

128 1077 178 1138 ea
188 1055 336 1166 pariter
347 1045 567 1134 convenire
578 1046 809 1146 forficibus,
822 1047 960 1134 cultris
977 1049 1150 1146 enfibus,
1163 1040 1395 1150 novaculis,
1411 1050 1506 1138 scal-

129 1171 235 1280 pris,
254 1161 448 1250 dentibus
468 1160 647 1250 hominis
669 1162 962 1264 anterioribus,
987 1173 1031 1251 δι
1051 1163 1267 1275 fimilibus,
1294 1166 1442 1282 quibus
1454 1173 1508 1256 ad
1637 1268 1639 1277 Ι
1664 1245 1668 1254 ,

128 1280 399 1367 scindendum
414 1274 820 1372 utimurssuntenim
838 1277 1242 1366 cuneidIverlimode
1249 1285 1365 1394 juxta
1377 1283 1510 1374 varios
1636 1288 1641 1301 ‘

130 1394 223 1484 usus
241 1393 501 1490 conformatis
519 1421 790 1510 nequeegent
804 1395 1078 1509 perculsione,
1092 1400 1188 1510 quia
1203 1425 1264 1480 res
1278 1395 1508 1488 scindendae

129 1543 216 1604 non
229 1511 451 1598 admodum
461 1509 673 1608 reiistunt,
691 1521 734 1598 &
751 1505 852 1600 solur
865 1507 1058 1628 impulsus
1067 1508 1175 1622 ,saepe
1191 1511 1344 1598 sufficit.
1375 1517 1506 1604 Forfi-

129 1657 198 1715 ces
209 1655 348 1712 autem
362 1623 453 1712 sunt
469 1625 637 1742 quidem
652 1630 797 1726 cunei,
818 1624 884 1714 sed
899 1627 1056 1717 vetlem
1069 1631 1332 1739 conjunctum
1348 1627 1518 1717 haben·-

131 1763 218 1844 tes,
238 1736 345 1828 adel>
361 1769 407 1826 ut
420 1746 601 1856 potentia
620 1747 817 1828 momenti
826 1757 1093 1857 augmentum
1105 1747 1289 1859 acquirat
1303 1775 1354 1830 ex
1368 1747 1510 1832 Rario-

70 1883 73 1892 ·
130 1857 390 1946 nibusveuls
404 1863 519 1973 juxta
542 1856 749 1942 distantias
764 1857 850 1945 tirm
869 1865 1086 1976 potentiae,
1109 1857 1198 1944 tirm
1212 1859 1508 1974 corporisscin-

130 1975 282 2072 dendi,
298 1971 323 2058 d
337 1974 473 2072 clavo,
490 1971 560 2057 ubi
574 1968 843 2059 decollantur.
870 1979 939 2060 An
956 1968 1055 2058 vero
1072 1980 1195 2060 etiam
1217 1971 1388 2092 scalpra,
1413 1977 1508 2104 qui-

33 2169 39 2180 .
132 2091 209 2176 bus
221 2091 473 2203 Marmorarij
488 2086 627 2174 allulas
640 2117 692 2174 ex
706 2089 1514 2206 operibusdejiciuntsCuneorumratio-
1632 2095 1634 2103 '

134 2237 233 2290 nem
247 2205 439 2303 habeant,
454 2235 538 2290 non
551 2205 772 2292 admodum
790 2198 917 2300 curo}
934 2207 1125 2318 videntur
1136 2202 1509 2322 fiquidcmuqnin·

133 2323 274 2406 cidere
291 2351 493 2420 marmor,
513 2317 580 2406 sed
596 2349 728 2436 partes
746 2317 965 2436 superfluas
980 2321 1184 2428 ¹*decutere
1203 2323 1344 2436 :quod
1366 2324 1394 2407 st
1414 2353 1510 2438 per·
1634 2405 1636 2410 ,

134 2438 231 2526 culfi
246 2433 386 2552 scalpri
399 2467 541 2522 mucro
557 2465 765 2551 penetrat,
782 2447 825 2524 &
839 2435 988 2541 dividit
1000 2463 1193 2536 marmor,
1206 2465 1360 2522 cuneus
1374 2439 1513 2554 perin-

123 2552 186 2638 de
202 2552 262 2636 est
276 2583 399 2664 atque
420 2551 589 2668 scalpra,
611 2549 1117 2666 qurbuslignumciclatur.

194 2671 387 2753 Similiter
404 2700 528 2767 acus,
549 2664 697 2752 subulae
713 2729 725 2763 ,
740 2667 897 2768 aculei,
914 2667 1019 2754 clavi
1044 2669 1098 2753 ad
1123 2695 1300 2754 cuneum
1323 2667 1511 2758 referun-

133 2811 226 2868 turr
249 2795 292 2870 &e
311 2783 478 2898 quidem
493 2781 726 2896 hujusmodi
741 2815 812 2868 cor
868 2779 1008 2902 requi>
1027 2775 1512 2894 subtilio'ra,‚st1nt,‚eofas

137 2898 253 2984 ciliits
280 2927 529 3012 penetrant,
554 2905 651 3014 quia
668 2813 864 3009 immisti?
891 2905 1061 3013 &juxta
1080 2899 1189 2986 suam
1211 2899 1513 3010 longitudinem

137 3020 437 3130 progredientia
450 3015 570 3100 valde
586 3042 804 3100 moventur
813 3019 967 3100 interea
980 3077 992 3114 ,
1006 3015 1105 3100 dum
1121 3019 1297 3130 corporis
1306 3015 1511 3130 perforan-

137 3129 180 3216 di
201 3130 405 3244 particulae
420 3129 690 3216 distrahendae
704 3159 828 3244 atque
846 3131 1159 3246 comprimendae
1171 3134 1322 3242 exiguo
1337 3128 1451 3216 motu
1467 3136 1515 3234 iu

135 3245 260 3330 latera
274 3243 476 3332 secedunt.
501 3245 895 3346 Hincconstat,cut
906 3243 1099 3358 terebelli
1110 3243 1233 3364 paulo
1247 3243 1512 3362 minoteape-

137 3361 327 3448 riendum
348 3364 394 3445 stt
418 3362 626 3461 foramen,
654 3365 720 3446 cui
747 3365 988 3474 immittatur
1009 3359 1147 3446 clavus
1164 3357 1461 3464 meliusculus,
1482 3363 1533 3446 ii·

137 3473 352 3593 pracsertim
369 3475 528 3589 lignum
544 3505 668 3562 tenue
683 3479 751 3572 sits
767 3509 819 3564 ne
832 3471 1207 3588 videlicetimmiffo
1217 3473 1332 3562 clavo
1345 3506 1404 3560 tor
1416 3507 1511 3593 par-

137 3621 198 3678 tes
212 3587 319 3693 oded
337 3597 513 3678 invicem
524 3589 862 3706 comprimantur,
878 3620 924 3706 ut
935 3591 1167 3678 ulteriorem
1182 3593 1515 3708 compreffionem

139 3705 368 3794 recusantes
389 3737 540 3820 cogant
556 3707 651 3794 alias
664 3707 857 3810 distrahi,
871 3738 918 3794 ac
933 3710 1102 3794 demum
1119 3705 1220 3794 rimi.
1233 3707 1336 3794 facti
1352 3707 1512 3820 lignum
1643 3801 1660 3813 ,

138 3822 316 3909 diffiliat:
333 3820 640 3908 sublatisautem
650 3822 806 3910 terebri
820 3821 1026 3941 particulis
1035 3825 1211 3941 aliquot,
1225 3823 1389 3938 reliquae
1401 3853 1512 3910 com-

137 3940 357 4054 primendae
376 3967 421 4024 ut
436 3933 599 4028 cla'vum
616 3939 726 4024 ercle
744 3941 1084 4056 complementum
1097 3971 1192 4025 cum
1202 3945 1413 4054 pauciores
1423 3939 1514 4038 fint,

137 4054 296 4140 facilins
316 4057 644 4172 comprellionem
667 4055 805 4144 ferunt
831 4053 933 4144 citri
959 4055 1190 4176 periculum
1210 4049 1416 4140 fractionis
1442 4085 1517 4158 aut

140 4166 456 4282 sciliiouisligni.
793 4193 797 4200 '

178 4279 1514 4405 Demumsecuris,&gladiuscaesrmferiens,cuneusest,cuiquo-

137 4399 1516 4524 dnmmodoluridusesttudesrillosrquidempercutimusrquideuim

138 4517 320 4615 interest,
333 4521 445 4632 quod
458 4549 636 4608 cuneum
647 4553 882 4610 manentem
895 4522 1027 4608 tudite
1042 4520 1327 4636 percutiamus,
1341 4513 1423 4602 srve
1437 4544 1515 4598 cu-

142 4662 223 4720 neo
239 4632 434 4724 velociter
448 4665 563 4726 moto
576 4641 827 4755 permeatur
841 4670 989 4758 corpus
1003 4633 1270 4726 scindendum
1281 4656 1464 4835 tcAPU
1475 4743 1517 4830 T

1556 2641 1592 2702 ἱ
