3818 5264
346 211 364 274 1
385 209 444 305 30
826 152 1247 270 Machanicomm

330 325 524 414 absolutae
538 325 673 404 oneris
693 315 881 434 gravitati
907 320 1142 436 machinam
1161 323 1217 402 ita
1240 313 1503 438 respondere,
1523 349 1570 405 ut
1591 322 1709 413 illitd

332 435 671 561 perpendiculum
689 426 933 522 sustollendo
945 439 1163 552 caeteroqui
1177 441 1347 550 impares
1362 439 1467 519 vires
1486 433 1703 524 sufficiant:

331 589 403 676 qur
418 563 530 642 enirn
545 551 735 651 valuerit,
753 549 938 638 adhibitd
949 551 1140 637 machiud
1153 613 1164 651 ,
1179 549 1546 650 molemuttollere,
1561 561 1709 668 poterit

329 675 438 760 illam
455 675 623 787 pariter,
638 665 818 782 ejusdem
828 669 1029 753 machina
1042 695 1147 782 ope,
1166 672 1211 750 in
1223 665 1345 781 plano
1361 695 1611 784 quocunque
1626 699 1707 755 tra-

240 843 245 852 ·
330 794 430 877 here
456 815 527 872 aut
553 785 817 900 propellere-5
849 782 1078 871 sinuxime
1109 781 1281 894 cylindri
1304 809 1375 868 aut
1398 809 1496 868 rota
1518 791 1558 872 ei
1586 781 1709 902 subji-

335 911 509 992 ciantur.
1531 949 1542 960 ι

389 1018 476 1104 ch
488 1047 624 1104 autem
636 1014 744 1102 'forte
759 1047 835 1101 nec
851 1010 1069 1128 dpratsenti
1085 1012 1272 1100 instituto
1285 1012 1488 1112 alienum,
1499 1041 1576 1100 nec
1589 1014 1711 1100 ledu-

329 1143 365 1230 ri
383 1135 657 1252 injucundum
672 1135 853 1232 accidat,
871 1133 1027 1245 slquae,
1044 1121 1263 1244 aliquando
1281 1127 1530 1218 comminisci
1541 1131 1711 1246 placuit,

331 1251 563 1368 subjiciam,
593 1241 686 1334 cum
701 1277 931 1333 narrantem
948 1246 1154 1361 quendam
1170 1249 1353 1334 audirem
1365 1250 1418 1334 de
1432 1247 1630 1362 campani
1646 1252 1711 1331 in-

332 1373 466 1482 gentis
480 1366 669 1482 ponderis
693 1361 888 1449 facillime
912 1358 1064 1479 agiratd
1085 1358 1271 1476 subjectis
1291 1368 1412 1450 aenoic
1432 1365 1572 1446 rotulis
1587 1423 1599 1462 ,
1612 1391 1711 1480 quae

265 1525 273 1541 ·
331 1489 500 1574 demum
510 1482 637 1594 longo
646 1511 733 1566 aevo
745 1477 938 1566 consestae
952 1477 1140 1592 diffipatae
1153 1477 1267 1564 fuere
1278 1513 1291 1574 5
1307 1475 1373 1564 sed
1384 1507 1563 1596 quonam
1583 1479 1710 1564 artifi-

332 1606 424 1700 cio,
450 1595 588 1715 qudve
607 1597 750 1682 ordine
769 1593 965 1710 disposrtae
982 1587 1171 1693 suiss'ent,
1195 1619 1410 1687 ennarrare
1429 1589 1602 1678 omnini)
1623 1620 1711 1678 non

331 1726 500 1833 poterat.
532 1721 687 1830 Qare
699 1707 953 1827 mecumipse
969 1737 1182 1824 reputans,
1202 1707 1274 1826 qul
1293 1711 1379 1796 lieri
1399 1710 1440 1794 id
1453 1703 1654 1824 potuisset,
1665 1717 1711 1794 in

331 1865 421 1918 eam
436 1832 559 1915 incidi
576 1824 1174 1926 sententiam,utexistin1arern
1190 1827 1457 1938 graviffmam
1470 1855 1710 1942 campanam

195 1947 197 1952 ’
328 1942 503 2068 potuisse
515 1945 637 2033 facile
650 1941 818 2060 pulsari,
836 1941 1051 2028 imminuti.
1064 1939 1304 2042 refistentid,
1316 1971 1406 2056 quae
1420 1945 1548 2025 oritur
1560 1973 1612 2027 ex
1624 1973 1710 2028 mu·

1037 2083 1109 2138 tuo
1127 2054 1269 2156 fulcri,
1289 2067 1332 2142 δι
1353 2061 1437 2142 axis
1454 2062 1563 2142 tritu.
1610 2063 1699 2144 Sint

1036 2175 1150 2256 enim
1168 2169 1272 2257 binae
1296 2173 1433 2256 rotulae
1459 2180 1489 2257 B
1521 2185 1564 2260 δι
1595 2177 1709 2261 Cex
1815 2215 1826 2226 ·

1039 2311 1115 2371 aere
1134 2285 1260 2390 solido
1280 2349 1294 2386 ,
1316 2317 1487 2404 quarum
1514 2291 1710 2388 diameter

983 2459 989 2470 ·
1038 2402 1141 2486 suin
1154 2400 1289 2518 aliqud
1306 2405 1481 2488 Ratione
1493 2405 1710 2518 multiplici

1040 2519 1091 2604 ad
1105 2517 1348 2604 diametrum
1369 2524 1454 2606 axis
1471 2581 1486 2619 ,
1501 2525 1568 2604 cui
1594 2541 1704 2606 cam-

1039 2662 1147 2748 pana
1163 2637 1363 2720 innititur.
1390 2641 1489 2721 Axis
1503 2663 1639 2722 autem
1651 2634 1709 2723 se·

1039 2749 1351 2834 midiametersrt
1366 2753 1470 2851 ΑΕ,
1487 2751 1625 2836 rotula
1639 2785 1710 2839 ve·

1039 2861 1089 2948 rd
1111 2867 1188 2949 BE
1212 2869 1256 2950 in
1271 2872 1424 2951 ratione
1437 2866 1583 2982 dupld3
1605 2897 1706 2985 ergo

333 2995 376 3072 δι
390 2983 637 3100 periphaeriae
655 2981 748 3068 sunt
766 2987 810 3068 in
827 2977 974 3068 eddem
985 2981 1165 3066 Ratione
1188 3019 1197 3063 :
1220 2982 1320 3070 dum
1337 2987 1464 3096 igitur
1473 2988 1670 3098 punstum
1688 2993 1710 3072 1

332 3107 376 3184 in
397 3104 443 3184 H
458 3101 618 3215 perficit
629 3101 916 3214 quadrantem,
929 3101 1132 3182 convertit
1144 3101 1292 3212 pariter
1305 3097 1495 3194 rotulam,
1511 3105 1627 3214 cujus
1637 3131 1711 3216 pe·
1810 3139 1813 3154 ·

331 3215 517 3330 ripheriae
532 3211 844 3331 semiquadranti
859 3239 1103 3330 coaequatur.
1138 3213 1317 3322 Qaresr
1332 3213 1461 3300 rotula
1475 3215 1600 3302 infixa
1611 3213 1713 3303 esset

332 3336 423 3430 axi,
444 3335 560 3444 cujus
577 3328 872 3418 semidiameter
896 3331 979 3414 BG
994 3319 1091 3412 esset
1109 3327 1273 3444 aequalis
1289 3327 1583 3416 semidiametro
1610 3337 1712 3432 AE,

335 3449 450 3534 fieret
461 3444 639 3532 offridus
658 3471 755 3532 cum
768 3449 929 3532 odante
947 3443 1187 3558 peripheria:
1200 3447 1285 3528 axis
1300 3445 1439 3530 rotulae
1457 3455 1513 3540 Be
1531 3446 1598 3534 sed
1613 3455 1710 3566 quia

169 3557 185 3566 ”
304 3567 457 3652 ρειίευῐι
471 3565 513 3648 in
531 3561 661 3648 rotuld
681 3562 847 3649 Cfieret
860 3559 1023 3674 aequalis
1033 3555 1213 3646 alfridus
1224 3591 1318 3646 cum
1334 3558 1515 3675 ejusdem
1524 3593 1613 3664 axe,
1622 3571 1707 3682 jam

331 3677 438 3767 nihii
451 3677 538 3764 fere
556 3675 822 3764 emolumenti
840 3677 1081 3777 haberetur,
1094 3681 1190 3792 quia
1202 3705 1309 3790 totus
1323 3675 1502 3765 affriuus
1514 3681 1632 3796 acque
1649 3679 1709 3766 es-

331 3793 411 3893 set,
426 3825 473 3879 ac
490 3793 517 3878 fi
535 3795 735 3911 quadrans
757 3797 844 3880 EO
861 3798 906 3878 in
917 3792 1050 3879 fulcro
1069 3791 1198 3879 stabili
1213 3803 1255 3880 δι
1268 3825 1369 3880 cavo
1382 3824 1710 3883 convertereturt
1777 3845 1779 3850 ·

332 3923 374 3998 &
392 3909 526 4026 potilu
536 3909 683 3995 laboris
696 3915 740 3994 in
756 3907 947 4024 agitaudd
960 3907 1156 4022 campani
1169 3913 1460 4026 compendium
1471 3906 1590 4012 esset,
1602 3914 1631 3998 sr
1644 3943 1710 3998 ro·

333 4027 427 4112 tulae
443 4027 531 4112 fixae
542 4027 755 4125 har-erent,
766 4027 851 4112 axis
862 4024 891 4108 si
904 4024 1324 4141 quidemcylindricus
1336 4057 1431 4113 cum
1442 4028 1502 4129 sit,
1514 4025 1710 4144 subjestas

330 4143 480 4230 rotulas
493 4139 655 4230 inlined
667 4167 852 4255 tangeret
861 4139 1025 4227 modico
1038 4138 1191 4226 scilicet
1201 4145 1298 4226 tritu
1308 4177 1324 4238 t
1338 4142 1560 4232 rotulorum
1570 4173 1709 4232 autem

331 4289 425 4344 axes
445 4263 633 4345 concavis
644 4285 783 4344 earum
797 4255 978 4374 partibus
993 4283 1228 4372 congruunt
1238 4261 1283 4341 in
1294 4255 1526 4374 superficie,
1541 4291 1631 4377 quae
1647 4289 1707 4347 te·

331 4380 461 4473 ritur,
492 4376 593 4460 dum
619 4374 759 4460 rotulae
784 4401 1085 4475 ,convertuntur
1109 4409 1120 4454 z
1151 4373 1225 4457 mst
1247 4373 1354 4461 sorte
1378 4375 1600 4489 cylindrica
1621 4381 1710 4466 axis

330 4497 417 4578 BG
459 4485 687 4603 superficies
713 4505 896 4580 convexa
927 4485 1055 4606 pauld
1080 4491 1216 4573 minor
1239 4483 1337 4576 esset
1358 4489 1539 4580 concavi
1557 4493 1712 4580 'rotulae

332 4603 574 4726 superficie,
603 4635 744 4757 eatque
771 4635 984 4732 propterea
1007 4603 1233 4702 secundino
1252 4605 1404 4702 lucam
1424 4605 1464 4700 se
1488 4614 1709 4724 continge-

564 4785 567 4795 ·
1598 4755 1704 4828 rent,
