3708 5274
402 184 405 196 ·
458 167 615 282 Liber
620 168 880 328 stptimus.
921 111 1144 286 Carus
1174 171 1211 282 1.
1408 179 1510 318 ⁶43

147 325 404 444 quachalybs
416 390 427 427 ,
439 358 510 414 aut
528 329 777 446 qualignurn
788 329 956 414 terendo
971 330 1173 444 expolitur
1188 357 1200 416 r
1218 329 1295 416 Sed
1309 339 1350 418 &
1364 334 1408 418 in
1418 362 1523 419 mar-

147 474 308 530 morum
323 441 700 532 sestionemirantur
711 447 836 560 aliqui
855 443 975 528 serras
987 445 1304 531 adhiberinullis
1315 447 1521 550 dentibus,
1619 513 1632 526 ,
1695 483 1730 522 2

148 556 287 646 saitem
306 557 552 674 conspicuis,
566 560 742 676 asperas,
760 589 845 645 non
872 557 961 646 satis
988 565 1172 646 animum
1196 563 1451 650 advertentes
1469 569 1522 658 ad

145 705 286 760 arenas
301 675 408 788 aqui
420 671 610 790 aspersas,
625 708 714 792 quar
725 672 955 787 hujuffirodi
972 681 1014 759 in
1028 703 1148 790 opere
1162 681 1440 764 interveniunt
1451 713 1464 773 s
1476 707 1524 766 ut

145 796 260 880 enim·
269 789 451 904 loquitur
464 791 617 876 Plinius
632 791 701 877 lib.
708 804 773 900 36.
787 821 875 906 cap.
889 802 927 874 6.
944 793 1062 870 arenti
1077 785 1216 900 horfia,
1231 787 1275 882 es
1287 787 1389 896 ferro
1403 789 1520 873 vide-

142 905 311 1012 turfieri,
317 898 428 1008 jered
442 909 479 982 in
486 907 657 1014 praetenui
668 905 771 986 lineri
778 925 967 1015 premente
980 931 1123 990 arenas,
1136 902 1390 1016 verfhndo'que
1400 913 1524 991 tracia

145 1015 392 1125 ipfhsecame.
411 1021 587 1136 Expedit
596 1049 734 1108 autern
747 1015 953 1107 subtiliore
962 1013 1085 1106 arenti
1093 1021 1176 1124 uti,
1189 1013 1323 1127 craffior
1334 1027 1429 1102 enim
1440 1051 1523 1102 are-

146 1161 199 1220 na
215 1130 416 1216 laxioribus
427 1134 628 1243 segmentis
645 1144 766 1222 terit,
789 1136 835 1228 es
850 1137 932 1244 psus
951 1133 1068 1214 erodit
1094 1145 1280 1216 marmoris
1300 1192 1310 1224 ,
1334 1133 1522 1250 multisque

145 1241 423 1359 operasti-breis
430 1255 590 1362 politura
611 1254 814 1360 relinquit:
831 1257 934 1340 Sunt
947 1249 1098 1336 scilicet
1113 1282 1244 1338 arenae
1259 1255 1427 1366 granula
1441 1284 1524 1342 tam

147 1399 237 1483 quae
258 1393 519 1482 premuntur,
538 1365 662 1484 quim
686 1397 774 1484 quae
794 1364 906 1478 serrae
929 1368 1164 1466 adherent,
1191 1371 1301 1484 quast
1323 1371 1524 1458 denticuli

144 1483 315 1572 mobiles
331 1487 531 1570 mordacis
544 1487 649 1570 limae
663 1486 810 1596 eodem
825 1483 953 1568 dueu
967 1482 1055 1568 tiun
1066 1483 1290 1570 crustarum
1300 1485 1449 1574 facicm
1460 1486 1521 1574 le-

135 1597 526 1712 'viterexpolientis,
545 1599 633 1686 tirm
646 1597 871 1708 subjeetum
884 1627 1059 1704 marmor
1078 1591 1257 1682 secantis.

73 1745 95 1754 ”
202 1713 421 1800 Estautem
434 1711 692 1801 manifestum
706 1743 790 1826 non
802 1713 945 1798 cidem
954 1719 1017 1810 vi,
1032 1743 1113 1828 qua
1128 1709 1244 1828 super
1261 1714 1419 1827 lignum
1441 1717 1520 1806 ser-

149 1829 496 1916 ramadducentes
509 1841 554 1928 ,&
570 1832 808 1924 reducentes
818 1825 1036 1912 scissionem
1049 1829 1313 1929 inchoamus,
1327 1835 1436 1918 idem
1448 1865 1522 1948 pa-

148 1946 245 2032 riter
261 1943 461 2044 obtineri,
477 1947 651 2032 ficsmeo
669 1945 696 2030 li
700 1972 829 2056 gnum
844 1973 1071 2057 premamus
1087 1941 1190 2028 citri
1206 1947 1520 2060 percuffionemr

149 2069 246 2178 quia
261 2063 453 2161 nimirum
464 2092 596 2147 cuneo
611 2089 840 2178 prementes
854 2086 1044 2171 urgemus
1060 2060 1103 2142 in
1117 2061 1315 2146 direcium
1329 2061 1527 2172 subjeetat

149 2179 250 2290 ligni
273 2203 527 2292 patoes,quae
542 2173 1013 2287 conjuneimresrstunt,
1036 2204 1088 2259 ne
1106 2179 1445 2292 comprimantur,
1460 2208 1523 2264 at·

149 2289 468 2412 quedlateribus
480 2293 729 2380 coherentes
747 2287 953 2409 particula:
970 2317 1219 2404 repugnant,
1233 2321 1286 2375 ne
1299 2290 1546 2402 distrahatr·⁸
1649 2347 1654 2366 a

148 2439 241 2495 tur:
264 2405 408 2494 serram
435 2405 535 2494 verb
565 2411 762 2494 ducentes
788 2403 956 2518 oblique
977 2432 1167 2518 urgemus
1187 2405 1291 2524 ligni
1309 2407 1530 2522 particulas

112 2567 115 2574 ⁴
148 2524 342 2612 dentibus
358 2521 669 2641 respondentes,
689 2555 736 2608 ac
750 2523 921 2638 proinde
945 2520 1126 2636 pauculae
1143 2519 1218 2605 illae
1235 2521 1418 2622 tantirm,
1436 2553 1526 2638 quae

149 2667 369 2753 urgentur,
390 2640 573 2724 resistunt
591 2640 890 2754 compre'lsroni,
921 2637 1058 2722 &illis
1080 2637 1244 2748 aitlguae
1265 2637 1524 2734 distradtmni.

150 2757 266 2840 Hinc
282 2755 329 2838 sit
343 2755 474 2840 cultro
491 2754 648 2842 facilibs
664 2755 818 2870 aliquid
842 2751 967 2836 scindi
983 2811 996 2850 ,
1024 2749 1176 2864 stillius
1191 2755 1323 2836 acier‘n
1338 2757 1528 2866 quamvis

150 2869 593 2960 hebetemuobtusam
605 2864 1093 2980 adversirscorpnssciffile
1105 2895 1250 2980 urgeas
1264 2868 1529 2984 simulatque

153 2982 411 3070 transversam
431 3013 525 3098 agas
537 3021 549 3082 5
564 2991 659 3102 quia
679 2983 882 3101 particulae
897 2978 923 3066 d.
938 2981 1069 3066 cultro
1089 2977 1225 3102 pressa
1238 2988 1439 3070 minorem
1454 2991 1524 3070 in-

155 3100 328 3188 veniunt
342 3100 603 3186 resistentiam
618 3107 662 3184 in
674 3095 891 3187 transverso
907 3125 1044 3197 motu,
1065 3099 1136 3184 ubi
1152 3102 1370 3185 anteriores
1384 3099 1528 3190 eidem

152 3248 249 3304 cum
262 3215 547 3334 posterioribus
567 3221 790 3304 direstione
811 3240 1054 3316 moventur,
1071 3243 1148 3298 nec
1171 3211 1240 3298 fibi
1254 3211 1526 3318 adversantur,

151 3329 275 3450 quaim
291 3334 319 3416 sr
335 3332 414 3416 solo
429 3327 558 3448 pressu
573 3331 731 3418 extimae
754 3356 946 3442 urgerent
968 3331 1198 3426 interiores,
1213 3359 1301 3443 quae
1315 3337 1528 3446 comprimi

153 3475 344 3536 renuunt.
372 3449 473 3530 Huc
485 3453 634 3560 pariter
644 3447 852 3530 referenda
862 3445 921 3528 est
934 3441 1071 3542 causa,
1088 3441 1276 3528 cnradeb
1290 3444 1420 3530 valida
1431 3479 1526 3534 con-

154 3571 286 3676 tingat
301 3559 490 3660 sciffio‚s1
514 3568 652 3677 Harpe
668 3562 771 3644 irtus
784 3559 1024 3672 infligatur-2
1051 3561 1105 3642 fic
1119 3557 1350 3668 hujusmodi
1375 3589 1529 3672 genere

117 3723 120 3730 ⁴
152 3682 258 3766 cnsrs
278 3682 321 3760 in
342 3675 569 3773 summitate
588 3676 722 3763 falcati
734 3737 745 3774 ,
762 3687 803 3766 bt
819 3674 863 3758 in
878 3680 1075 3780 exteriore
1095 3673 1216 3760 latere
1236 3675 1397 3760 exacuti
1413 3674 1527 3763 usum

155 3793 342 3882 Perseum
355 3797 398 3876 in
417 3793 664 3906 amputando
675 3789 855 3876 Medusae
868 3789 1017 3904 capite,
1034 3799 1075 3876 ὃ(
1092 3789 1345 3874 Mercurium
1358 3789 1403 3874 in
1416 3799 1527 3878 occi·
1578 3898 1582 3906 Ι
1609 3799 1618 3812 ’

152 3913 291 3998 dendo
305 3913 418 4018 Argo
434 3907 651 3994 centoculo
667 3907 790 3992 refert
807 3909 984 3992 Ovidius
1007 3905 1076 3992 lib.
1096 3939 1130 4014 5.
1150 3907 1318 3990 Metam.
1357 3909 1473 3987 Vertit
1488 3911 1527 3984 in

155 4023 249 4108 hunc
274 4037 436 4132 Harpem
462 4018 719 4124 madefatiam
737 4016 826 4098 cede
847 4017 1010 4124 Medusa
1036 4049 1051 4096 .·
1074 4023 1118 4106 id
1136 4026 1246 4106 enim
1271 4051 1356 4104 non
1379 4051 1427 4108 ex
1448 4020 1527 4109 soli

149 4145 311 4258 Harpes
327 4144 549 4252 gravitate,
570 4137 637 4225 sed
652 4169 703 4223 ex
720 4135 805 4252 ipso
818 4135 1059 4254 potillimirm
1076 4137 1186 4221 flexu
1208 4141 1360 4234 oritur,
1375 4141 1446 4252 qui
1462 4139 1526 4224 ef-

154 4261 264 4355 ficit,
277 4257 434 4340 uadum
451 4259 490 4338 vi
511 4254 685 4370 irnpetits
700 4251 929 4353 descendit,
945 4255 1052 4340 acies
1068 4259 1190 4336 etiarn
1203 4247 1417 4340 transverso
1434 4283 1525 4338 mo·
1652 4261 1660 4276 '

153 4403 198 4458 tu
211 4376 384 4459 ducatur
398 4369 510 4482 supra
523 4399 654 4486 partes
667 4373 843 4487 corporis
857 4369 1024 4464 sciffilisr
1040 4399 1090 4452 ex
1107 4397 1191 4482 quo
1206 4377 1247 4452 δι
1261 4365 1417 4454 facilior
1431 4365 1525 4454 scis-

153 4492 221 4576 sro.
264 4489 329 4573 sic
352 4484 518 4600 qtudam
535 4486 691 4597 vulgari
711 4483 827 4582 ense,
847 4517 930 4603 quo
944 4489 1173 4600 equitantes
1187 4479 1361 4568 viatores
1381 4516 1463 4573 non
1482 4490 1526 4571 in

152 4601 653 4724 speciem2sed'edusutn,
675 4600 870 4726 precingi
892 4597 1185 4803 solentffiuli
1205 4626 1327 4716 caput
1344 4632 1428 4732 uno
1444 4605 1527 4700 iiiu

154 4766 162 4788 ι
1139 4745 1235 4804 mm
1269 4745 1318 4803 '2
