3834 5272
350 199 490 330 *466
534 165 536 171 ,
758 143 769 164 ·
854 181 1279 310 Mecianicortttn

247 392 252 404 ·
385 355 540 435 arteriae
557 343 678 462 pulsu
697 347 878 434 decurrit
906 348 1058 462 digitos
1074 353 1288 468 quinque,
1307 348 1455 438 decem
1483 345 1552 436 ilia
1583 351 1762 468 pordtu
1804 447 1810 454 ,

388 493 548 552 motum
560 462 744 577 quinque
753 465 976 576 digitorum
989 462 1403 580 perficiunt,lingula
1416 463 1610 552 videlicet
1619 497 1692 584 per
1701 469 1761 558 se..
1894 517 1895 560 t

387 581 624 694 midigitum
644 580 712 680 lid
726 580 839 696 quod
856 579 1006 696 pariter
1023 577 1224 668 observati
1237 579 1360 670 facile
1376 585 1526 699 poterit
1539 587 1584 670 in
1601 583 1765 700 fingulis

387 695 674 796 minutioribus
697 701 888 812 temporis
903 693 1137 814 particulis)
1169 697 1425 826 tanturndem
1448 727 1583 830 ntotus
1605 701 1765 830 perficit

390 817 573 930 potentia
594 843 642 898 at
656 812 845 928 pondus,
867 787 950 900 live
965 839 1054 898 toto
1067 817 1223 930 impetu
1247 841 1321 902 um
1335 812 1446 900 librat
1459 815 1648 930 rmprelio
1662 817 1765 904 libra

117 952 127 994 τ
244 994 251 1007 ,
389 961 472 1014 una
484 928 632 1016 habeat
643 952 800 1015 motum
809 927 954 1014 decem
969 927 1206 1042 digitorum,
1218 929 1301 1016 stre
1312 923 1474 1018 decimi
1485 927 1663 1046 impetes
1670 963 1764 1048 par.

286 1105 289 1110 ·
388 1073 431 1134 te
442 1042 606 1158 singulis
619 1043 731 1130 libris
743 1037 953 1242 impressi,
972 1041 1136 1158 fingulae
1156 1045 1336 1135 habeant
1352 1069 1511 1135 motum
1525 1047 1759 1162 digitalem

389 1161 607 1275 utrobique
622 1159 784 1246 seilicet·
802 1183 878 1242 unt
891 1161 1037 1250 denetn
1051 1171 1185 1246 mot-us
1195 1159 1406 1276 digitales,
1426 1161 1506 1248 srve
1521 1167 1643 1248 unius
1656 1193 1761 1281 pon.

1893 565 1895 646 l

263 1373 272 1386 ,
386 1279 518 1373 deris,
538 1277 618 1362 srve
630 1277 776 1362 decem
793 1275 1024 1394 ponderum
1036 1277 1182 1364 todem
1198 1307 1391 1396 tempore
1435 1281 1542 1393 Qtis
1562 1275 1666 1372 rtrd
1683 1287 1760 1368 mi-
1894 1335 1895 1362 r

387 1421 524 1490 retur,
542 1393 569 1476 st
587 1389 656 1478 ille
664 1393 804 1488 idern,
820 1394 892 1504 qui
905 1393 1050 1478 decem
1065 1391 1197 1478 aureis
1209 1393 1338 1500 nobili
1348 1390 1497 1510 hospiti
1518 1387 1766 1510 splendIdioi

389 1539 450 1596 res
471 1506 608 1623 epulas
625 1535 763 1624 parare
781 1499 937 1621 pollet,
956 1507 1101 1594 decern
1121 1508 1359 1596 hominibus
1374 1507 1578 1710 frop-dem
1591 1507 1767 1598 mensam

387 1623 604 1712 instrueret
617 1621 781 1736 singulis
793 1625 924 1708 aureis
936 1627 984 1708 in
997 1619 1174 1737 iugulos
1191 1626 1378 1714 homines
1389 1628 1438 1710 tri
1472 1628 1551 1708 utis
1568 1626 1767 1712 tDefinat

386 1741 513 1854 igitur
529 1743 676 1856 pariter
695 1735 859 1838 ntirati,
878 1737 905 1824 fi
933 1744 1116 1856 potentia
1131 1742 1298 1840 eadem,
1315 1769 1405 1858 quae
1428 1740 1574 1834 decern
1591 1739 1765 1858 impetiar

387 1853 594 1980 particulis
607 1853 749 1940 libram
765 1882 889 1940 unam
906 1850 1041 1942 secum
1063 1860 1151 1970 pari
1168 1855 1389 1958 „velocitate
1412 1883 1581 1955 movet,
1601 1857 1766 1971 singulis

388 1966 594 2096 particulis
611 1975 654 2056 in
672 1967 843 2085 fingulas
859 1968 979 2054 libras
996 1969 1156 2056 tributis
1171 2001 1333 2058 moveat
1349 1973 1496 2061 decem
1510 1968 1662 2074 libras,
1686 1973 1764 2062 fin-

388 2089 502 2208 gulas
524 2085 770 2202 subdecupla
795 2083 1009 2172 velocitate
1031 2117 1044 2181 s
1066 2115 1202 2204 neque
1227 2091 1339 2190 enim
1365 2087 1436 2174 hic
1464 2083 1554 2203 plus
1582 2085 1765 2192 conatis,

386 2201 850 2327 quitnibittequiritut.
1721 2236 1726 2245 ·

732 2313 736 2339 l

384 2358 391 2364 ·
446 2327 495 2408 ln
516 2321 597 2404 hoc
614 2326 750 2432 itaque
763 2319 900 2405 venis
917 2320 1023 2404 vires
1041 2276 1263 2415 istasunt,
1288 2317 1400 2434 quod
1428 2347 1480 2420 eat
1508 2263 1764 2410 Potentiae
1894 2283 1895 2344 Γ

384 2435 580 2526 Ponderis
603 2434 800 2550 posrtione
819 2437 872 2516 ita
890 2459 1166 2548 temperantur
1182 2459 1347 2530 motus,
1375 2459 1422 2520 ttt
1444 2431 1620 2552 impetiit
1642 2467 1765 2550 quem

384 2555 567 2670 potentia
581 2549 750 2666 ponderi
768 2545 997 2663 imprimere
1011 2547 1141 2646 valet,
1157 2575 1228 2634 aut
1244 2577 1284 2634 re
1298 2544 1383 2663 ipsa
1395 2551 1614 2666 imprimit,
1627 2549 1764 2638 inten-

386 2669 444 2752 lio
465 2664 703 2780 respondeat
732 2661 910 2748 tarditati
934 2691 1005 2748 aut
1029 2663 1236 2750 velocitati
1259 2661 1394 2748 motus
1415 2663 1538 2866 aplius
1560 2667 1764 2782 ponderis.

365 2793 368 2810 '
388 2785 505 2868 Hinc
521 2784 547 2864 li
559 2785 766 2878 Potentia,
782 2791 822 2866 δι
843 2781 1007 2864 Pondus
1017 2779 1238 2895 aequalibus
1256 2780 1426 2866 interval
1442 2781 1478 2867 is
1493 2777 1545 2866 ab
1559 2783 1761 2897 hypomo-
1893 2831 1894 2860 t

253 2955 255 2960 ,
388 2897 500 2986 chlio
511 2895 661 2982 distent
671 2923 828 2990 amotus
846 2895 1015 3010 aequales
1031 2893 1123 2980 sunt
1135 2905 1209 2989 a&
1221 2897 1390 3009 perinde
1408 2893 1496 2982 aest
1507 2893 1763 3012 potentiali)-

386 3015 521 3102 litatia
541 3012 623 3095 fine
648 3017 762 3096 veste
782 3011 832 3106 (ir
846 3007 914 3094 illa
934 3011 1101 3126 quidem
1128 3015 1270 3096 vivens
1282 3009 1356 3109 stt)
1376 3010 1578 3098 attolleret
1590 3013 1765 3126 pondus,

386 3133 511 3216 vedis
532 3125 634 3211 nihil
651 3131 767 3240 juvat
785 3131 1033 3242 potentiam,
1057 3124 1155 3240 quia
1179 3125 1339 3240 pondus
1360 3127 1443 3214 hoc
1467 3132 1613 3244 recipit
1636 3155 1767 3216 totana

387 3241 563 3361 impetits
589 3241 893 3340 intenfionem,
921 3269 1046 3356 quam
1068 3239 1138 3326 illa
1157 3241 1318 3324 efficere
1340 3241 1483 3360 potest.
1538 3247 1609 3328 Sin
1626 3235 1765 3332 autern

386 3364 573 3447 Potentia
588 3356 756 3473 quidem
773 3359 914 3470 magis,
928 3357 1092 3442 Pondus
1100 3353 1200 3442 veri)
1215 3353 1350 3444 minias
1363 3355 1388 3442 i
1400 3357 1533 3444 fulcro
1547 3352 1663 3457 absrt,
1680 3388 1763 3446 tas·
1892 3411 1893 3428 r

386 3477 477 3562 dior
490 3478 679 3588 ponderis
693 3501 826 3557 motus
842 3476 1043 3558 minorem
1053 3477 1183 3585 exigit
1197 3470 1372 3586 impetiit
1385 3473 1660 3562 intenfionem
1679 3510 1692 3570 s
1717 3506 1765 3561 ac

297 3671 299 3678 .
388 3589 558 3709 proinde
573 3595 720 3674 entitas
739 3587 881 3676 eadem
899 3585 1100 3703 impetiit,
1120 3617 1209 3702 quae
1221 3590 1282 3672 est
1297 3587 1497 3706 intenlivd
1509 3593 1668 3690 minor,
1686 3620 1763 3708 po-

387 3709 465 3796 test
483 3704 570 3791 fieri
583 3703 791 3792 extensrv'e
805 3707 958 3817 major,
978 3715 1022 3792 dt
1036 3707 1327 3790 communicari
1343 3703 1514 3820 ponderi
1530 3707 1699 3814 maiori,
1715 3737 1763 3792 ac
1891 3773 1892 3822 ;

386 3823 508 3942 priits.
549 3829 689 3942 Qare
703 3849 775 3933 pro
795 3821 968 3904 Ratione
980 3822 1177 3904 tarditatis
1190 3817 1323 3908 morus
1333 3849 1578 3908 extenuatur
1588 3821 1765 3938 impetire
1891 3827 1892 3880 l

387 3939 718 4052 intenfio,atque
730 3930 828 4020 ideis
846 3965 920 4051 pro
929 3937 1073 4024 eadem
1085 3939 1261 4022 Ratione
1273 3940 1413 4050 augeri
1483 3935 1561 4024 teli
1574 3939 1763 4054 ponderis

387 4055 688 4154 extenlio,hoc
706 4052 767 4136 est
785 4050 959 4163 gravitas
974 4086 986 4146 s
1004 4079 1051 4136 nt
1092 4079 1155 4136 uae
1169 4051 1366 4138 Ratiotst
1383 4049 1611 4142 tenuitatis
1629 4052 1763 4140 motin

387 4175 431 4256 in
448 4173 627 4287 pondere
638 4167 802 4283 aqualis
812 4165 1017 4253 velocitati
1030 4162 1163 4254 motlls
1180 4171 1223 4250 in
1241 4165 1446 4294 potentii,
1461 4167 1514 4254 ad
1533 4167 1764 4256 tarditatem
1890 4201 1891 4272 ζ

384 4285 520 4372 motlts
534 4294 577 4370 in
589 4288 772 4402 pondere
781 4281 949 4368 minoris
966 4311 1083 4368 motu
1097 4289 1142 4368 in
1158 4284 1365 4398 postona,
1382 4285 1526 4370 eadem
1545 4283 1593 4370 stt
1608 4287 1763 4372 direti&

384 4405 508 4489 Ratio
521 4403 755 4488 intensionis
767 4399 940 4514 impetite
957 4404 1001 4483 in
1015 4399 1327 4525 pondereaeque
1347 4397 1479 4487 veloci
1495 4399 1549 4484 ad
1564 4401 1761 4486 inrenfio-

383 4551 479 4604 nem
496 4515 668 4632 impetita
681 4517 724 4602 in
743 4518 922 4632 pondere
936 4514 1123 4618 tardiori,
1138 4526 1181 4602 δι
1200 4514 1409 4631 τεειρτοεὲ
1424 4517 1573 4605 eadem,
1583 4517 1630 4602 lit
1640 4519 1763 4602 Ratio
1889 4603 1890 4606 t

381 4637 571 4754 ponderis
593 4635 775 4723 tardioris
793 4631 955 4750 majoris
970 4633 1023 4718 ad
1041 4631 1202 4750 pondus
1215 4632 1318 4722 illud
1332 4631 1471 4718 rannus
1485 4695 1497 4732 ,
1513 4635 1630 4834 quodl
1644 4633 1760 4770 aepui

1562 4779 1614 4835 ve
1631 4777 1761 4835 ociter
