<?xml version="1.0" encoding="UTF-8"?>
<!DOCTYPE html PUBLIC "-//W3C//DTD XHTML 1.0 Transitional//EN"
    "http://www.w3.org/TR/xhtml1/DTD/xhtml1-transitional.dtd">
<html xmlns="http://www.w3.org/1999/xhtml" xml:lang="en" lang="en">
 <head>
  <title>
</title>
<meta http-equiv="Content-Type" content="text/html;charset=utf-8" />
  <meta name='ocr-system' content='tesseract 3.04.00' />
  <meta name='ocr-capabilities' content='ocr_page ocr_carea ocr_par ocr_line ocrx_word'/>
</head>
<body>
  <div class='ocr_page' id='page_1' title='image "./rppaulicasatipl00casagoog_0496.png"; bbox 0 0 3766 5270; ppageno 0'>
   <div class='ocr_carea' id='block_1_1' title="bbox 1384 97 1404 154">
    <p class='ocr_par' dir='ltr' id='par_1_1' title="bbox 1384 97 1404 154">
     <span class='ocr_line' id='line_1_1' title="bbox 1384 97 1404 154; baseline 0 0"><span class='ocrx_word' id='word_1_1' title='bbox 1384 97 1404 154; x_wconf 83' lang='lat' dir='ltr'>l</span> 
     </span>
    </p>
   </div>
   <div class='ocr_carea' id='block_1_2' title="bbox 392 205 1498 370">
    <p class='ocr_par' dir='ltr' id='par_1_2' title="bbox 392 173 1498 370">
     <span class='ocr_line' id='line_1_2' title="bbox 392 205 1498 370; baseline 0.013 -45"><span class='ocrx_word' id='word_1_2' title='bbox 392 205 548 326; x_wconf 83' lang='lat' dir='ltr'>Liber</span> <span class='ocrx_word' id='word_1_3' title='bbox 562 216 789 370; x_wconf 67' lang='lat' dir='ltr'>quartus}</span> <span class='ocrx_word' id='word_1_4' title='bbox 837 211 1057 334; x_wconf 72' lang='lat' dir='ltr'>Garun</span> <span class='ocrx_word' id='word_1_5' title='bbox 1078 221 1239 334; x_wconf 91' lang='lat' dir='ltr'><strong>XVI.</strong></span> <span class='ocrx_word' id='word_1_6' title='bbox 1390 261 1498 362; x_wconf 75' lang='lat'>475</span> 
     </span>
    </p>
   </div>
   <div class='ocr_carea' id='block_1_3' title="bbox 188 371 1508 494">
    <p class='ocr_par' dir='ltr' id='par_1_3' title="bbox 188 371 1508 494">
     <span class='ocr_line' id='line_1_3' title="bbox 188 371 1508 494; baseline 0.004 -30"><span class='ocrx_word' id='word_1_7' title='bbox 188 381 268 477; x_wconf 82' lang='lat' dir='ltr'>At,</span> <span class='ocrx_word' id='word_1_8' title='bbox 284 380 441 494; x_wconf 83' lang='lat' dir='ltr'><strong>inquis,</strong></span> <span class='ocrx_word' id='word_1_9' title='bbox 460 375 487 462; x_wconf 87' lang='lat' dir='ltr'>sr</span> <span class='ocrx_word' id='word_1_10' title='bbox 502 371 668 462; x_wconf 86' lang='lat' dir='ltr'>adverso</span> <span class='ocrx_word' id='word_1_11' title='bbox 683 373 853 460; x_wconf 89' lang='lat' dir='ltr'>flumine</span> <span class='ocrx_word' id='word_1_12' title='bbox 864 375 1155 466; x_wconf 87' lang='lat' dir='ltr'>deducendum</span> <span class='ocrx_word' id='word_1_13' title='bbox 1168 379 1216 466; x_wconf 87' lang='lat' dir='ltr'>stt</span> <span class='ocrx_word' id='word_1_14' title='bbox 1226 379 1439 494; x_wconf 78' lang='lat' dir='ltr'>navigium</span> <span class='ocrx_word' id='word_1_15' title='bbox 1453 382 1508 468; x_wconf 81' lang='lat' dir='ltr'>ii-</span> 
     </span>
    </p>
   </div>
   <div class='ocr_carea' id='block_1_4' title="bbox 132 490 1631 608">
    <p class='ocr_par' dir='ltr' id='par_1_4' title="bbox 132 490 1631 608">
     <span class='ocr_line' id='line_1_4' title="bbox 132 490 1631 608; baseline 0 -26"><span class='ocrx_word' id='word_1_16' title='bbox 132 525 183 582; x_wconf 79' lang='lat' dir='ltr'>re</span> <span class='ocrx_word' id='word_1_17' title='bbox 202 497 227 580; x_wconf 74' lang='lat' dir='ltr'>a</span> <span class='ocrx_word' id='word_1_18' title='bbox 249 493 413 580; x_wconf 84' lang='lat' dir='ltr'>nautica</span> <span class='ocrx_word' id='word_1_19' title='bbox 440 491 559 578; x_wconf 74' lang='lat' dir='ltr'>turbl</span> <span class='ocrx_word' id='word_1_20' title='bbox 584 490 666 576; x_wconf 88' lang='lat' dir='ltr'>srve</span> <span class='ocrx_word' id='word_1_21' title='bbox 690 490 742 576; x_wconf 88' lang='lat' dir='ltr'>ab</span> <span class='ocrx_word' id='word_1_22' title='bbox 762 495 878 608; x_wconf 89' lang='lat' dir='ltr'>equis</span> <span class='ocrx_word' id='word_1_23' title='bbox 902 493 1182 595; x_wconf 86' lang='lat' dir='ltr'>trahentibus,</span> <span class='ocrx_word' id='word_1_24' title='bbox 1206 526 1281 580; x_wconf 87' lang='lat' dir='ltr'>cur</span> <span class='ocrx_word' id='word_1_25' title='bbox 1300 497 1410 584; x_wconf 84' lang='lat' dir='ltr'>funis</span> <span class='ocrx_word' id='word_1_26' title='bbox 1422 528 1512 584; x_wconf 86' lang='lat' dir='ltr'>ma·</span> <span class='ocrx_word' id='word_1_27' title='bbox 1626 529 1631 534; x_wconf 93' lang='grc'><em>·</em></span> 
     </span>
    </p>
   </div>
   <div class='ocr_carea' id='block_1_5' title="bbox 132 603 1509 1192">
    <p class='ocr_par' dir='ltr' id='par_1_5' title="bbox 132 603 1509 1192">
     <span class='ocr_line' id='line_1_5' title="bbox 133 603 1506 732; baseline 0.001 -36"><span class='ocrx_word' id='word_1_28' title='bbox 133 609 184 709; x_wconf 88' lang='lat' dir='ltr'>lo,</span> <span class='ocrx_word' id='word_1_29' title='bbox 199 638 285 696; x_wconf 91' lang='lat' dir='ltr'>non</span> <span class='ocrx_word' id='word_1_30' title='bbox 300 639 436 698; x_wconf 87' lang='lat' dir='ltr'>autem</span> <span class='ocrx_word' id='word_1_31' title='bbox 451 606 811 724; x_wconf 81' lang='lat' dir='ltr'>prorae,alligatut,</span> <span class='ocrx_word' id='word_1_32' title='bbox 833 603 977 692; x_wconf 89' lang='lat' dir='ltr'>linihil</span> <span class='ocrx_word' id='word_1_33' title='bbox 990 609 1359 696; x_wconf 85' lang='lat' dir='ltr'>confertfaeilitatis</span> <span class='ocrx_word' id='word_1_34' title='bbox 1374 611 1506 732; x_wconf 54' lang='lat' dir='ltr'>appli÷</span> 
     </span>
     <span class='ocr_line' id='line_1_6' title="bbox 134 721 1508 854; baseline 0.004 -44"><span class='ocrx_word' id='word_1_35' title='bbox 134 731 237 810; x_wconf 79' lang='lat' dir='ltr'>ertio</span> <span class='ocrx_word' id='word_1_36' title='bbox 284 729 446 810; x_wconf 84' lang='lat' dir='ltr'>otentiae</span> <span class='ocrx_word' id='word_1_37' title='bbox 463 725 659 810; x_wconf 87' lang='lat' dir='ltr'>trahentis</span> <span class='ocrx_word' id='word_1_38' title='bbox 674 721 984 810; x_wconf 88' lang='lat' dir='ltr'>mediofunead</span> <span class='ocrx_word' id='word_1_39' title='bbox 997 727 1191 854; x_wconf 74' lang='lat' dir='ltr'>majorem</span> <span class='ocrx_word' id='word_1_40' title='bbox 1208 725 1467 816; x_wconf 87' lang='lat' dir='ltr'>altitudinem</span> <span class='ocrx_word' id='word_1_41' title='bbox 1482 725 1508 816; x_wconf 79' lang='lat' dir='ltr'>tl</span> 
     </span>
     <span class='ocr_line' id='line_1_7' title="bbox 132 825 1508 958; baseline 0.004 -29"><span class='ocrx_word' id='word_1_42' title='bbox 132 845 266 929; x_wconf 85' lang='lat' dir='ltr'>carina</span> <span class='ocrx_word' id='word_1_43' title='bbox 281 865 295 926; x_wconf 83' lang='lat'>.&gt;</span> <span class='ocrx_word' id='word_1_44' title='bbox 309 844 397 956; x_wconf 82' lang='lat' dir='ltr'>Ego</span> <span class='ocrx_word' id='word_1_45' title='bbox 413 836 514 926; x_wconf 75' lang='lat' dir='ltr'>verti</span> <span class='ocrx_word' id='word_1_46' title='bbox 528 871 580 922; x_wconf 90' lang='lat' dir='ltr'>ex</span> <span class='ocrx_word' id='word_1_47' title='bbox 590 865 645 936; x_wconf 92' lang='lat' dir='ltr'>te,</span> <span class='ocrx_word' id='word_1_48' title='bbox 655 836 834 954; x_wconf 85' lang='lat' dir='ltr'>quisquis</span> <span class='ocrx_word' id='word_1_49' title='bbox 848 840 934 925; x_wconf 82' lang='lat' dir='ltr'>haec</span> <span class='ocrx_word' id='word_1_50' title='bbox 952 825 1113 946; x_wconf 74' lang='lat' dir='ltr'>6bjic1s,</span> <span class='ocrx_word' id='word_1_51' title='bbox 1127 871 1279 958; x_wconf 85' lang='lat' dir='ltr'>quaero,</span> <span class='ocrx_word' id='word_1_52' title='bbox 1292 876 1368 930; x_wconf 83' lang='lat' dir='ltr'>eur</span> <span class='ocrx_word' id='word_1_53' title='bbox 1380 843 1508 934; x_wconf 88' lang='lat' dir='ltr'>iidem</span> 
     </span>
     <span class='ocr_line' id='line_1_8' title="bbox 134 951 1509 1088; baseline 0.007 -48"><span class='ocrx_word' id='word_1_54' title='bbox 134 983 262 1040; x_wconf 85' lang='lat' dir='ltr'>nautae</span> <span class='ocrx_word' id='word_1_55' title='bbox 284 955 312 1040; x_wconf 82' lang='lat' dir='ltr'>fi</span> <span class='ocrx_word' id='word_1_56' title='bbox 331 954 509 1042; x_wconf 90' lang='lat' dir='ltr'>remulco</span> <span class='ocrx_word' id='word_1_57' title='bbox 519 951 656 1042; x_wconf 87' lang='lat' dir='ltr'>navim</span> <span class='ocrx_word' id='word_1_58' title='bbox 672 957 832 1040; x_wconf 88' lang='lat' dir='ltr'>trahere</span> <span class='ocrx_word' id='word_1_59' title='bbox 842 956 1153 1088; x_wconf 75' lang='lat' dir='ltr'>aggrediantur,</span> <span class='ocrx_word' id='word_1_60' title='bbox 1168 957 1310 1046; x_wconf 88' lang='lat' dir='ltr'>funem</span> <span class='ocrx_word' id='word_1_61' title='bbox 1319 966 1412 1048; x_wconf 87' lang='lat' dir='ltr'>navi</span> <span class='ocrx_word' id='word_1_62' title='bbox 1422 993 1509 1050; x_wconf 88' lang='lat' dir='ltr'>non</span> 
     </span>
     <span class='ocr_line' id='line_1_9' title="bbox 135 1067 1509 1192; baseline 0.004 -34"><span class='ocrx_word' id='word_1_63' title='bbox 135 1099 212 1158; x_wconf 88' lang='lat' dir='ltr'>tarn</span> <span class='ocrx_word' id='word_1_64' title='bbox 224 1069 309 1162; x_wconf 75' lang='lat' dir='ltr'>alre</span> <span class='ocrx_word' id='word_1_65' title='bbox 322 1071 489 1186; x_wconf 81' lang='lat' dir='ltr'>alligant</span> <span class='ocrx_word' id='word_1_66' title='bbox 499 1104 511 1164; x_wconf 78' lang='lat'>3</span> <span class='ocrx_word' id='word_1_67' title='bbox 529 1071 617 1156; x_wconf 81' lang='lat' dir='ltr'>srex</span> <span class='ocrx_word' id='word_1_68' title='bbox 630 1067 986 1157; x_wconf 62' lang='lat' dir='ltr'>venerationibus</span> <span class='ocrx_word' id='word_1_69' title='bbox 1000 1069 1067 1156; x_wconf 88' lang='lat' dir='ltr'>illa</span> <span class='ocrx_word' id='word_1_70' title='bbox 1081 1071 1254 1160; x_wconf 84' lang='lat' dir='ltr'>altitudo</span> <span class='ocrx_word' id='word_1_71' title='bbox 1265 1073 1430 1192; x_wconf 77' lang='lat' dir='ltr'>aliquod</span> <span class='ocrx_word' id='word_1_72' title='bbox 1447 1075 1509 1164; x_wconf 85' lang='lat' dir='ltr'>af-</span> 
     </span>
    </p>
   </div>
   <div class='ocr_carea' id='block_1_6' title="bbox 134 1183 1512 1305">
    <p class='ocr_par' dir='ltr' id='par_1_6' title="bbox 134 1183 1512 1305">
     <span class='ocr_line' id='line_1_10' title="bbox 134 1183 1512 1305; baseline 0.005 -33"><span class='ocrx_word' id='word_1_73' title='bbox 134 1186 207 1272; x_wconf 85' lang='lat' dir='ltr'>fert</span> <span class='ocrx_word' id='word_1_74' title='bbox 218 1193 509 1303; x_wconf 81' lang='lat' dir='ltr'>compendrum</span> <span class='ocrx_word' id='word_1_75' title='bbox 521 1185 667 1272; x_wconf 85' lang='lat' dir='ltr'>laboris</span> <span class='ocrx_word' id='word_1_76' title='bbox 677 1191 721 1272; x_wconf 92' lang='lat' dir='ltr'>in</span> <span class='ocrx_word' id='word_1_77' title='bbox 731 1185 942 1273; x_wconf 89' lang='lat' dir='ltr'>trahendo.</span> <span class='ocrx_word' id='word_1_78' title='bbox 958 1183 1136 1273; x_wconf 83' lang='lat' dir='ltr'>Sedsatis</span> <span class='ocrx_word' id='word_1_79' title='bbox 1148 1187 1312 1304; x_wconf 90' lang='lat' dir='ltr'>utrique</span> <span class='ocrx_word' id='word_1_80' title='bbox 1321 1191 1512 1305; x_wconf 72' lang='lat' dir='ltr'>quastio-</span> 
     </span>
    </p>
   </div>
   <div class='ocr_carea' id='block_1_7' title="bbox 136 1297 1508 1420">
    <p class='ocr_par' dir='ltr' id='par_1_7' title="bbox 136 1297 1508 1420">
     <span class='ocr_line' id='line_1_11' title="bbox 136 1297 1508 1420; baseline 0.006 -34"><span class='ocrx_word' id='word_1_81' title='bbox 136 1307 174 1386; x_wconf 91' lang='lat' dir='ltr'>ui</span> <span class='ocrx_word' id='word_1_82' title='bbox 187 1301 338 1387; x_wconf 72' lang='lat' dir='ltr'>fastum</span> <span class='ocrx_word' id='word_1_83' title='bbox 357 1301 536 1402; x_wconf 89' lang='lat' dir='ltr'>videbis,</span> <span class='ocrx_word' id='word_1_84' title='bbox 554 1301 581 1386; x_wconf 86' lang='lat' dir='ltr'>sr</span> <span class='ocrx_word' id='word_1_85' title='bbox 601 1297 785 1388; x_wconf 81' lang='lat' dir='ltr'><strong>observes</strong></span> <span class='ocrx_word' id='word_1_86' title='bbox 805 1331 889 1386; x_wconf 91' lang='lat' dir='ltr'>non</span> <span class='ocrx_word' id='word_1_87' title='bbox 903 1299 1025 1416; x_wconf 69' lang='lat' dir='ltr'>plane</span> <span class='ocrx_word' id='word_1_88' title='bbox 1046 1301 1334 1420; x_wconf 76' lang='lat' dir='ltr'>aequalemell‘e</span> <span class='ocrx_word' id='word_1_89' title='bbox 1347 1313 1393 1392; x_wconf 88' lang='lat' dir='ltr'>in</span> <span class='ocrx_word' id='word_1_90' title='bbox 1410 1313 1508 1394; x_wconf 80' lang='lat' dir='ltr'>uni-</span> 
     </span>
    </p>
   </div>
   <div class='ocr_carea' id='block_1_8' title="bbox 136 1415 1534 1542">
    <p class='ocr_par' dir='ltr' id='par_1_8' title="bbox 136 1415 1534 1542">
     <span class='ocr_line' id='line_1_12' title="bbox 136 1415 1534 1542; baseline 0.009 -42"><span class='ocrx_word' id='word_1_91' title='bbox 136 1415 241 1502; x_wconf 87' lang='lat' dir='ltr'>verso</span> <span class='ocrx_word' id='word_1_92' title='bbox 254 1418 372 1502; x_wconf 88' lang='lat' dir='ltr'>alveo</span> <span class='ocrx_word' id='word_1_93' title='bbox 391 1449 504 1533; x_wconf 76' lang='lat' dir='ltr'>aque</span> <span class='ocrx_word' id='word_1_94' title='bbox 520 1416 804 1516; x_wconf 87' lang='lat' dir='ltr'>altitudinem,</span> <span class='ocrx_word' id='word_1_95' title='bbox 830 1446 878 1501; x_wconf 85' lang='lat' dir='ltr'>ae</span> <span class='ocrx_word' id='word_1_96' title='bbox 893 1417 1064 1542; x_wconf 82' lang='lat' dir='ltr'>proinde</span> <span class='ocrx_word' id='word_1_97' title='bbox 1084 1439 1223 1535; x_wconf 88' lang='lat' dir='ltr'>neque</span> <span class='ocrx_word' id='word_1_98' title='bbox 1240 1415 1351 1538; x_wconf 84' lang='lat' dir='ltr'>polle</span> <span class='ocrx_word' id='word_1_99' title='bbox 1365 1429 1504 1512; x_wconf 80' lang='lat' dir='ltr'>navim</span> <span class='ocrx_word' id='word_1_100' title='bbox 1528 1463 1534 1469; x_wconf 95' lang='lat'>·</span> 
     </span>
    </p>
   </div>
   <div class='ocr_carea' id='block_1_9' title="bbox 127 1529 1506 2110">
    <p class='ocr_par' dir='ltr' id='par_1_9' title="bbox 127 1529 1506 2110">
     <span class='ocr_line' id='line_1_13' title="bbox 127 1529 1503 1668; baseline 0.001 -44"><span class='ocrx_word' id='word_1_101' title='bbox 127 1529 246 1646; x_wconf 74' lang='lat' dir='ltr'>,eque</span> <span class='ocrx_word' id='word_1_102' title='bbox 262 1531 418 1668; x_wconf 87' lang='lat' dir='ltr'>semper</span> <span class='ocrx_word' id='word_1_103' title='bbox 429 1529 559 1620; x_wconf 82' lang='lat' dir='ltr'>abesse</span> <span class='ocrx_word' id='word_1_104' title='bbox 579 1530 604 1618; x_wconf 81' lang='lat' dir='ltr'>ai</span> <span class='ocrx_word' id='word_1_105' title='bbox 624 1531 803 1618; x_wconf 86' lang='lat' dir='ltr'>fluminis</span> <span class='ocrx_word' id='word_1_106' title='bbox 817 1529 924 1648; x_wconf 68' lang='lat' dir='ltr'>ripi,</span> <span class='ocrx_word' id='word_1_107' title='bbox 949 1557 995 1618; x_wconf 85' lang='lat' dir='ltr'>tn</span> <span class='ocrx_word' id='word_1_108' title='bbox 1011 1563 1093 1650; x_wconf 90' lang='lat' dir='ltr'>qua</span> <span class='ocrx_word' id='word_1_109' title='bbox 1107 1536 1315 1623; x_wconf 83' lang='lat' dir='ltr'>trahentes</span> <span class='ocrx_word' id='word_1_110' title='bbox 1330 1562 1503 1652; x_wconf 86' lang='lat' dir='ltr'>progre-</span> 
     </span>
     <span class='ocr_line' id='line_1_14' title="bbox 136 1645 1503 1770; baseline 0 -32"><span class='ocrx_word' id='word_1_111' title='bbox 136 1647 325 1744; x_wconf 72' lang='lat' dir='ltr'>duntur,</span> <span class='ocrx_word' id='word_1_112' title='bbox 340 1645 497 1738; x_wconf 80' lang='lat' dir='ltr'>rdtircd</span> <span class='ocrx_word' id='word_1_113' title='bbox 512 1647 697 1760; x_wconf 84' lang='lat' dir='ltr'>longiore</span> <span class='ocrx_word' id='word_1_114' title='bbox 709 1647 810 1738; x_wconf 88' lang='lat' dir='ltr'>sune</span> <span class='ocrx_word' id='word_1_115' title='bbox 822 1677 923 1763; x_wconf 83' lang='lat' dir='ltr'>opus</span> <span class='ocrx_word' id='word_1_116' title='bbox 935 1647 1008 1747; x_wconf 87' lang='lat' dir='ltr'>est,</span> <span class='ocrx_word' id='word_1_117' title='bbox 1046 1655 1091 1734; x_wconf 93' lang='lat' dir='ltr'>ui</span> <span class='ocrx_word' id='word_1_118' title='bbox 1107 1645 1180 1734; x_wconf 90' lang='lat' dir='ltr'>suo</span> <span class='ocrx_word' id='word_1_119' title='bbox 1192 1653 1373 1766; x_wconf 85' lang='lat' dir='ltr'>pondere</span> <span class='ocrx_word' id='word_1_120' title='bbox 1386 1649 1503 1770; x_wconf 85' lang='lat' dir='ltr'>spon-</span> 
     </span>
     <span class='ocr_line' id='line_1_15' title="bbox 136 1760 1504 1882; baseline 0.003 -34"><span class='ocrx_word' id='word_1_121' title='bbox 136 1760 1018 1882; x_wconf 83' lang='lat' dir='ltr'>tecurvatusaquamsecaret,&amp;trahentium</span> <span class='ocrx_word' id='word_1_122' title='bbox 1074 1763 1214 1850; x_wconf 90' lang='lat' dir='ltr'>borem</span> <span class='ocrx_word' id='word_1_123' title='bbox 1227 1789 1416 1880; x_wconf 85' lang='lat' dir='ltr'>augeret,</span> <span class='ocrx_word' id='word_1_124' title='bbox 1431 1797 1504 1852; x_wconf 89' lang='lat' dir='ltr'>aut</span> 
     </span>
     <span class='ocr_line' id='line_1_16' title="bbox 138 1873 1501 1996; baseline 0.009 -38"><span class='ocrx_word' id='word_1_125' title='bbox 138 1873 177 1960; x_wconf 89' lang='lat' dir='ltr'>in</span> <span class='ocrx_word' id='word_1_126' title='bbox 187 1879 394 1967; x_wconf 88' lang='lat' dir='ltr'>occultum</span> <span class='ocrx_word' id='word_1_127' title='bbox 405 1883 581 1996; x_wconf 79' lang='lat' dir='ltr'>aliquem</span> <span class='ocrx_word' id='word_1_128' title='bbox 592 1875 663 1964; x_wconf 90' lang='lat' dir='ltr'>sub</span> <span class='ocrx_word' id='word_1_129' title='bbox 673 1885 788 1996; x_wconf 82' lang='lat' dir='ltr'>aquis</span> <span class='ocrx_word' id='word_1_130' title='bbox 801 1877 996 1966; x_wconf 85' lang='lat' dir='ltr'>latentem</span> <span class='ocrx_word' id='word_1_131' title='bbox 1009 1877 1169 1966; x_wconf 90' lang='lat' dir='ltr'>obicem</span> <span class='ocrx_word' id='word_1_132' title='bbox 1181 1885 1405 1969; x_wconf 87' lang='lat' dir='ltr'>incurreret</span> <span class='ocrx_word' id='word_1_133' title='bbox 1415 1912 1501 1970; x_wconf 91' lang='lat' dir='ltr'>non</span> 
     </span>
     <span class='ocr_line' id='line_1_17' title="bbox 137 1993 1506 2110; baseline 0.007 -34"><span class='ocrx_word' id='word_1_134' title='bbox 137 1993 212 2080; x_wconf 83' lang='lat' dir='ltr'>fine</span> <span class='ocrx_word' id='word_1_135' title='bbox 225 1995 340 2108; x_wconf 84' lang='lat' dir='ltr'>gravi</span> <span class='ocrx_word' id='word_1_136' title='bbox 350 1997 625 2092; x_wconf 89' lang='lat' dir='ltr'>incommodo,</span> <span class='ocrx_word' id='word_1_137' title='bbox 640 1994 788 2080; x_wconf 84' lang='lat' dir='ltr'>srsunis</span> <span class='ocrx_word' id='word_1_138' title='bbox 799 1997 1031 2080; x_wconf 79' lang='lat' dir='ltr'>extremitas</span> <span class='ocrx_word' id='word_1_139' title='bbox 1042 1996 1267 2110; x_wconf 83' lang='lat' dir='ltr'>deprelliori</span> <span class='ocrx_word' id='word_1_140' title='bbox 1282 1997 1376 2084; x_wconf 91' lang='lat' dir='ltr'>loco</span> <span class='ocrx_word' id='word_1_141' title='bbox 1386 2003 1506 2084; x_wconf 84' lang='lat' dir='ltr'>navi-</span> 
     </span>
    </p>
   </div>
   <div class='ocr_carea' id='block_1_10' title="bbox 140 2107 1566 2230">
    <p class='ocr_par' dir='ltr' id='par_1_10' title="bbox 140 2107 1566 2230">
     <span class='ocr_line' id='line_1_18' title="bbox 140 2107 1566 2230; baseline 0.008 -40"><span class='ocrx_word' id='word_1_142' title='bbox 140 2108 188 2219; x_wconf 81' lang='lat' dir='ltr'>gij</span> <span class='ocrx_word' id='word_1_143' title='bbox 200 2111 434 2224; x_wconf 86' lang='lat' dir='ltr'>alligaretur</span> <span class='ocrx_word' id='word_1_144' title='bbox 447 2147 460 2208; x_wconf 80' lang='lat'>5</span> <span class='ocrx_word' id='word_1_145' title='bbox 483 2138 695 2228; x_wconf 85' lang='lat' dir='ltr'>propterea</span> <span class='ocrx_word' id='word_1_146' title='bbox 711 2109 818 2198; x_wconf 85' lang='lat' dir='ltr'>malo</span> <span class='ocrx_word' id='word_1_147' title='bbox 834 2107 952 2196; x_wconf 74' lang='lat' dir='ltr'>altilis</span> <span class='ocrx_word' id='word_1_148' title='bbox 975 2108 1233 2210; x_wconf 70' lang='lat' dir='ltr'>adnedlitur,</span> <span class='ocrx_word' id='word_1_149' title='bbox 1260 2143 1312 2198; x_wconf 91' lang='lat' dir='ltr'>eo</span> <span class='ocrx_word' id='word_1_150' title='bbox 1335 2142 1503 2230; x_wconf 88' lang='lat' dir='ltr'>quoque</span> <span class='ocrx_word' id='word_1_151' title='bbox 1563 2159 1566 2166; x_wconf 94' lang='lat'><em>·</em></span> 
     </span>
    </p>
   </div>
   <div class='ocr_carea' id='block_1_11' title="bbox 137 2221 1504 2459">
    <p class='ocr_par' dir='ltr' id='par_1_11' title="bbox 137 2221 1504 2459">
     <span class='ocr_line' id='line_1_19' title="bbox 139 2221 1504 2344; baseline 0.006 -38"><span class='ocrx_word' id='word_1_152' title='bbox 139 2224 318 2328; x_wconf 85' lang='lat' dir='ltr'>confilio,</span> <span class='ocrx_word' id='word_1_153' title='bbox 335 2257 382 2316; x_wconf 91' lang='lat' dir='ltr'>ut</span> <span class='ocrx_word' id='word_1_154' title='bbox 399 2230 427 2313; x_wconf 84' lang='lat' dir='ltr'><strong>fi</strong></span> <span class='ocrx_word' id='word_1_155' title='bbox 444 2257 536 2344; x_wconf 84' lang='lat' dir='ltr'>qutt</span> <span class='ocrx_word' id='word_1_156' title='bbox 552 2223 728 2340; x_wconf 85' lang='lat' dir='ltr'>virgulta</span> <span class='ocrx_word' id='word_1_157' title='bbox 749 2255 820 2312; x_wconf 87' lang='lat' dir='ltr'>aut</span> <span class='ocrx_word' id='word_1_158' title='bbox 834 2221 1051 2312; x_wconf 76' lang='lat' dir='ltr'>arbusculae</span> <span class='ocrx_word' id='word_1_159' title='bbox 1075 2221 1297 2314; x_wconf 86' lang='lat' dir='ltr'>secunditm</span> <span class='ocrx_word' id='word_1_160' title='bbox 1321 2227 1504 2314; x_wconf 81' lang='lat' dir='ltr'>fluminis</span> 
     </span>
     <span class='ocr_line' id='line_1_20' title="bbox 137 2335 1501 2459; baseline 0.004 -37"><span class='ocrx_word' id='word_1_161' title='bbox 137 2335 256 2454; x_wconf 82' lang='lat' dir='ltr'>ripam</span> <span class='ocrx_word' id='word_1_162' title='bbox 269 2373 512 2442; x_wconf 89' lang='lat' dir='ltr'>occurrant,</span> <span class='ocrx_word' id='word_1_163' title='bbox 529 2339 677 2430; x_wconf 89' lang='lat' dir='ltr'>minori</span> <span class='ocrx_word' id='word_1_164' title='bbox 690 2338 984 2459; x_wconf 86' lang='lat' dir='ltr'>impedimento</span> <span class='ocrx_word' id='word_1_165' title='bbox 1002 2341 1079 2424; x_wconf 81' lang='lat' dir='ltr'>fint</span> <span class='ocrx_word' id='word_1_166' title='bbox 1094 2339 1183 2428; x_wconf 88' lang='lat' dir='ltr'>funi</span> <span class='ocrx_word' id='word_1_167' title='bbox 1201 2339 1369 2458; x_wconf 74' lang='lat' dir='ltr'>oblique</span> <span class='ocrx_word' id='word_1_168' title='bbox 1381 2339 1501 2428; x_wconf 88' lang='lat' dir='ltr'>incli-</span> 
     </span>
    </p>
   </div>
   <div class='ocr_carea' id='block_1_12' title="bbox 138 2451 1596 2575">
    <p class='ocr_par' dir='ltr' id='par_1_12' title="bbox 138 2451 1596 2575">
     <span class='ocr_line' id='line_1_21' title="bbox 138 2451 1596 2575; baseline 0.005 -35"><span class='ocrx_word' id='word_1_169' title='bbox 138 2483 245 2554; x_wconf 86' lang='lat' dir='ltr'>nato,</span> <span class='ocrx_word' id='word_1_170' title='bbox 265 2456 756 2575; x_wconf 75' lang='lat' dir='ltr'>quimsrhorizontiell&#39;et</span> <span class='ocrx_word' id='word_1_171' title='bbox 771 2455 859 2546; x_wconf 67' lang='lat' dir='ltr'>fere</span> <span class='ocrx_word' id='word_1_172' title='bbox 869 2454 1094 2574; x_wconf 66' lang='lat' dir='ltr'>parallelum</span> <span class='ocrx_word' id='word_1_173' title='bbox 1136 2457 1224 2574; x_wconf 84' lang='lat' dir='ltr'>Qri</span> <span class='ocrx_word' id='word_1_174' title='bbox 1241 2451 1343 2542; x_wconf 76' lang='lat' dir='ltr'>vetti</span> <span class='ocrx_word' id='word_1_175' title='bbox 1362 2461 1502 2546; x_wconf 84' lang='lat' dir='ltr'>navim</span> <span class='ocrx_word' id='word_1_176' title='bbox 1595 2517 1596 2529; x_wconf 31' lang='lat' dir='ltr'>t</span> 
     </span>
    </p>
   </div>
   <div class='ocr_carea' id='block_1_13' title="bbox 109 2567 1509 3613">
    <p class='ocr_par' dir='ltr' id='par_1_13' title="bbox 109 2567 1509 3268">
     <span class='ocr_line' id='line_1_22' title="bbox 140 2567 1500 2690; baseline -0.001 -30"><span class='ocrx_word' id='word_1_177' title='bbox 140 2572 308 2660; x_wconf 80' lang='lat' dir='ltr'>remulco</span> <span class='ocrx_word' id='word_1_178' title='bbox 318 2575 486 2660; x_wconf 91' lang='lat' dir='ltr'>trahunt</span> <span class='ocrx_word' id='word_1_179' title='bbox 497 2637 509 2674; x_wconf 90' lang='lat'>,</span> <span class='ocrx_word' id='word_1_180' title='bbox 522 2605 607 2660; x_wconf 91' lang='lat' dir='ltr'>non</span> <span class='ocrx_word' id='word_1_181' title='bbox 618 2569 723 2660; x_wconf 83' lang='lat' dir='ltr'>aded</span> <span class='ocrx_word' id='word_1_182' title='bbox 740 2572 867 2686; x_wconf 71' lang='lat' dir='ltr'>longe</span> <span class='ocrx_word' id='word_1_183' title='bbox 887 2571 939 2690; x_wconf 78' lang='lat' dir='ltr'>ab</span> <span class='ocrx_word' id='word_1_184' title='bbox 951 2569 1019 2658; x_wconf 86' lang='lat' dir='ltr'>illa</span> <span class='ocrx_word' id='word_1_185' title='bbox 1035 2567 1166 2658; x_wconf 82' lang='lat' dir='ltr'>abesse</span> <span class='ocrx_word' id='word_1_186' title='bbox 1180 2599 1406 2690; x_wconf 84' lang='lat' dir='ltr'>coguntur,</span> <span class='ocrx_word' id='word_1_187' title='bbox 1421 2603 1500 2660; x_wconf 87' lang='lat' dir='ltr'>nec</span> 
     </span>
     <span class='ocr_line' id='line_1_23' title="bbox 139 2681 1509 2806; baseline 0.003 -38"><span class='ocrx_word' id='word_1_188' title='bbox 139 2681 357 2794; x_wconf 59' lang='lat' dir='ltr'>hujumodi</span> <span class='ocrx_word' id='word_1_189' title='bbox 383 2692 683 2806; x_wconf 85' lang='lat' dir='ltr'>impedimentis</span> <span class='ocrx_word' id='word_1_190' title='bbox 705 2689 869 2798; x_wconf 78' lang='lat' dir='ltr'>obnoxii</span> <span class='ocrx_word' id='word_1_191' title='bbox 898 2685 988 2774; x_wconf 82' lang='lat' dir='ltr'>sunt</span> <span class='ocrx_word' id='word_1_192' title='bbox 1020 2719 1032 2784; x_wconf 74' lang='grc' dir='ltr'><strong>ς</strong></span> <span class='ocrx_word' id='word_1_193' title='bbox 1063 2681 1162 2772; x_wconf 78' lang='lat' dir='ltr'>idel&gt;</span> <span class='ocrx_word' id='word_1_194' title='bbox 1187 2685 1370 2772; x_wconf 91' lang='lat' dir='ltr'>breviore</span> <span class='ocrx_word' id='word_1_195' title='bbox 1399 2687 1509 2774; x_wconf 78' lang='lat' dir='ltr'>fune·</span> 
     </span>
     <span class='ocr_line' id='line_1_24' title="bbox 128 2799 1498 2925; baseline 0.004 -43"><span class='ocrx_word' id='word_1_196' title='bbox 128 2825 323 2904; x_wconf 84' lang='lat' dir='ltr'>utuntur,</span> <span class='ocrx_word' id='word_1_197' title='bbox 346 2835 471 2922; x_wconf 90' lang='lat' dir='ltr'>quem</span> <span class='ocrx_word' id='word_1_198' title='bbox 496 2835 622 2925; x_wconf 83' lang='lat' dir='ltr'>prorae</span> <span class='ocrx_word' id='word_1_199' title='bbox 650 2804 830 2919; x_wconf 79' lang='lat' dir='ltr'>alligant.</span> <span class='ocrx_word' id='word_1_200' title='bbox 867 2800 1072 2891; x_wconf 76' lang='lat' dir='ltr'>Caetetiun</span> <span class='ocrx_word' id='word_1_201' title='bbox 1099 2799 1218 2886; x_wconf 82' lang='lat' dir='ltr'>nullae</span> <span class='ocrx_word' id='word_1_202' title='bbox 1245 2805 1369 2888; x_wconf 75' lang='lat' dir='ltr'>venis</span> <span class='ocrx_word' id='word_1_203' title='bbox 1392 2807 1498 2888; x_wconf 84' lang='lat' dir='ltr'>vires</span> 
     </span>
     <span class='ocr_line' id='line_1_25' title="bbox 139 2917 1507 3036; baseline 0.001 -36"><span class='ocrx_word' id='word_1_204' title='bbox 139 2941 399 3020; x_wconf 72' lang='lat' dir='ltr'>exercentur,</span> <span class='ocrx_word' id='word_1_205' title='bbox 421 2951 504 3006; x_wconf 94' lang='lat' dir='ltr'>non</span> <span class='ocrx_word' id='word_1_206' title='bbox 525 2925 637 3008; x_wconf 87' lang='lat' dir='ltr'>enim</span> <span class='ocrx_word' id='word_1_207' title='bbox 653 2949 770 3036; x_wconf 87' lang='lat' dir='ltr'>prora</span> <span class='ocrx_word' id='word_1_208' title='bbox 793 2917 899 3004; x_wconf 86' lang='lat' dir='ltr'>infra</span> <span class='ocrx_word' id='word_1_209' title='bbox 913 2947 1060 3034; x_wconf 88' lang='lat' dir='ltr'>aquam</span> <span class='ocrx_word' id='word_1_210' title='bbox 1074 2917 1245 3032; x_wconf 88' lang='lat' dir='ltr'>deprimi</span> <span class='ocrx_word' id='word_1_211' title='bbox 1261 2977 1273 3014; x_wconf 93' lang='lat'>,</span> <span class='ocrx_word' id='word_1_212' title='bbox 1289 2927 1334 3005; x_wconf 88' lang='lat'>&amp;</span> <span class='ocrx_word' id='word_1_213' title='bbox 1352 2922 1507 3034; x_wconf 77' lang='lat' dir='ltr'>puppis&#39;</span> 
     </span>
     <span class='ocr_line' id='line_1_26' title="bbox 141 3027 1504 3154; baseline 0.005 -42"><span class='ocrx_word' id='word_1_214' title='bbox 141 3027 274 3116; x_wconf 82' lang='lat' dir='ltr'>elevari</span> <span class='ocrx_word' id='word_1_215' title='bbox 291 3035 451 3154; x_wconf 83' lang='lat' dir='ltr'>potest:</span> <span class='ocrx_word' id='word_1_216' title='bbox 472 3037 515 3122; x_wconf 90' lang='lat' dir='ltr'>id</span> <span class='ocrx_word' id='word_1_217' title='bbox 529 3039 640 3150; x_wconf 91' lang='lat' dir='ltr'>quod</span> <span class='ocrx_word' id='word_1_218' title='bbox 661 3035 690 3120; x_wconf 86' lang='lat' dir='ltr'>st</span> <span class='ocrx_word' id='word_1_219' title='bbox 707 3037 965 3146; x_wconf 87' lang='lat' dir='ltr'>contingeret</span> <span class='ocrx_word' id='word_1_220' title='bbox 983 3093 995 3131; x_wconf 95' lang='lat'>,</span> <span class='ocrx_word' id='word_1_221' title='bbox 1024 3061 1141 3148; x_wconf 89' lang='lat' dir='ltr'>prora</span> <span class='ocrx_word' id='word_1_222' title='bbox 1162 3028 1294 3144; x_wconf 83' lang='lat' dir='ltr'>magis</span> <span class='ocrx_word' id='word_1_223' title='bbox 1319 3029 1504 3120; x_wconf 75' lang='lat' dir='ltr'>demersa</span> 
     </span>
     <span class='ocr_line' id='line_1_27' title="bbox 109 3142 1096 3268; baseline 0.003 -42"><span class='ocrx_word' id='word_1_224' title='bbox 109 3221 111 3226; x_wconf 86' lang='lat'><em>.</em></span> <span class='ocrx_word' id='word_1_225' title='bbox 143 3143 220 3257; x_wconf 89' lang='lat' dir='ltr'>plus</span> <span class='ocrx_word' id='word_1_226' title='bbox 232 3151 434 3264; x_wconf 76' lang='lat' dir='ltr'>inueniret</span> <span class='ocrx_word' id='word_1_227' title='bbox 444 3152 672 3238; x_wconf 76' lang='lat' dir='ltr'>resistentia</span> <span class='ocrx_word' id='word_1_228' title='bbox 684 3149 735 3238; x_wconf 88' lang='lat' dir='ltr'>ab</span> <span class='ocrx_word' id='word_1_229' title='bbox 750 3142 1096 3268; x_wconf 73' lang='lat' dir='ltr'>aquidividendti.</span> 
     </span>
    </p>

    <p class='ocr_par' dir='ltr' id='par_1_14' title="bbox 142 3255 1498 3613">
     <span class='ocr_line' id='line_1_28' title="bbox 193 3255 1496 3384; baseline 0.002 -38"><span class='ocrx_word' id='word_1_230' title='bbox 193 3262 303 3384; x_wconf 79' lang='lat' dir='ltr'>Qid</span> <span class='ocrx_word' id='word_1_231' title='bbox 316 3267 463 3380; x_wconf 89' lang='lat' dir='ltr'>igitur,</span> <span class='ocrx_word' id='word_1_232' title='bbox 474 3271 551 3368; x_wconf 90' lang='lat' dir='ltr'>ais,</span> <span class='ocrx_word' id='word_1_233' title='bbox 569 3261 693 3354; x_wconf 76' lang='lat' dir='ltr'>eausa</span> <span class='ocrx_word' id='word_1_234' title='bbox 705 3265 788 3364; x_wconf 91' lang='lat' dir='ltr'>est,</span> <span class='ocrx_word' id='word_1_235' title='bbox 802 3259 920 3382; x_wconf 70' lang='lat' dir='ltr'>quod</span> <span class='ocrx_word' id='word_1_236' title='bbox 934 3259 1110 3348; x_wconf 74' lang='lat' dir='ltr'>antennd</span> <span class='ocrx_word' id='word_1_237' title='bbox 1128 3255 1315 3376; x_wconf 86' lang='lat' dir='ltr'>usquead</span> <span class='ocrx_word' id='word_1_238' title='bbox 1326 3265 1496 3350; x_wconf 87' lang='lat' dir='ltr'>carche-</span> 
     </span>
     <span class='ocr_line' id='line_1_29' title="bbox 142 3370 1498 3498; baseline 0.007 -43"><span class='ocrx_word' id='word_1_239' title='bbox 142 3370 231 3463; x_wconf 81' lang='lat' dir='ltr'>fium</span> <span class='ocrx_word' id='word_1_240' title='bbox 244 3387 285 3465; x_wconf 93' lang='lat' dir='ltr'>D</span> <span class='ocrx_word' id='word_1_241' title='bbox 303 3381 616 3496; x_wconf 75' lang='lat' dir='ltr'>elevatl,magis</span> <span class='ocrx_word' id='word_1_242' title='bbox 628 3371 1498 3498; x_wconf 77' lang='lat' dir='ltr'>promoverurnavis,qulmfitantutnmodo</span> 
     </span>
     <span class='ocr_line' id='line_1_30' title="bbox 142 3484 1497 3613; baseline 0 -33"><span class='ocrx_word' id='word_1_243' title='bbox 142 3487 255 3606; x_wconf 82' lang='lat' dir='ltr'>usque</span> <span class='ocrx_word' id='word_1_244' title='bbox 272 3500 324 3586; x_wconf 77' lang='lat' dir='ltr'>ad</span> <span class='ocrx_word' id='word_1_245' title='bbox 343 3500 375 3582; x_wconf 86' lang='lat' dir='ltr'><strong>E</strong></span> <span class='ocrx_word' id='word_1_246' title='bbox 394 3495 670 3584; x_wconf 79' lang='lat' dir='ltr'>attolleretur?</span> <span class='ocrx_word' id='word_1_247' title='bbox 686 3493 1020 3613; x_wconf 89' lang='lat' dir='ltr'>quandoquidem</span> <span class='ocrx_word' id='word_1_248' title='bbox 1034 3487 1144 3576; x_wconf 88' lang='lat' dir='ltr'>nulla</span> <span class='ocrx_word' id='word_1_249' title='bbox 1163 3484 1286 3578; x_wconf 73' lang='lat' dir='ltr'>vedis</span> <span class='ocrx_word' id='word_1_250' title='bbox 1312 3499 1412 3578; x_wconf 85' lang='lat' dir='ltr'>ratio</span> <span class='ocrx_word' id='word_1_251' title='bbox 1427 3497 1497 3580; x_wconf 83' lang='lat' dir='ltr'>hic</span> 
     </span>
    </p>
   </div>
   <div class='ocr_carea' id='block_1_14' title="bbox 142 3601 1554 3754">
    <p class='ocr_par' dir='ltr' id='par_1_15' title="bbox 142 3601 1554 3754">
     <span class='ocr_line' id='line_1_31' title="bbox 142 3601 1554 3754; baseline -0.001 -60"><span class='ocrx_word' id='word_1_252' title='bbox 142 3601 312 3698; x_wconf 75' lang='lat' dir='ltr'>habetur.</span> <span class='ocrx_word' id='word_1_253' title='bbox 359 3618 458 3711; x_wconf 88' lang='lat' dir='ltr'>Eos,</span> <span class='ocrx_word' id='word_1_254' title='bbox 476 3617 654 3728; x_wconf 88' lang='lat' dir='ltr'>quicum</span> <span class='ocrx_word' id='word_1_255' title='bbox 670 3607 1498 3754; x_wconf 84' lang='lat' dir='ltr'>Aristotelesenn&#39;unt,aequivocationela·</span> <span class='ocrx_word' id='word_1_256' title='bbox 1549 3684 1554 3692; x_wconf 91' lang='lat'>.</span> 
     </span>
    </p>
   </div>
   <div class='ocr_carea' id='block_1_15' title="bbox 141 3711 1499 3844">
    <p class='ocr_par' dir='ltr' id='par_1_16' title="bbox 141 3711 1499 3844">
     <span class='ocr_line' id='line_1_32' title="bbox 141 3711 1499 3844; baseline 0 -36"><span class='ocrx_word' id='word_1_257' title='bbox 141 3714 269 3812; x_wconf 78' lang='lat' dir='ltr'>horare</span> <span class='ocrx_word' id='word_1_258' title='bbox 283 3729 403 3816; x_wconf 72' lang='lat' dir='ltr'>facile</span> <span class='ocrx_word' id='word_1_259' title='bbox 418 3727 642 3814; x_wconf 87' lang='lat' dir='ltr'>ostenditur</span> <span class='ocrx_word' id='word_1_260' title='bbox 655 3765 664 3810; x_wconf 79' lang='lat' dir='ltr'>r</span> <span class='ocrx_word' id='word_1_261' title='bbox 677 3729 778 3844; x_wconf 91' lang='lat' dir='ltr'>quid</span> <span class='ocrx_word' id='word_1_262' title='bbox 795 3731 903 3816; x_wconf 89' lang='lat' dir='ltr'>enim</span> <span class='ocrx_word' id='word_1_263' title='bbox 917 3711 1038 3810; x_wconf 84' lang='lat' dir='ltr'>refert</span> <span class='ocrx_word' id='word_1_264' title='bbox 1050 3782 1070 3820; x_wconf 89' lang='lat'>,.</span> <span class='ocrx_word' id='word_1_265' title='bbox 1081 3748 1215 3812; x_wconf 91' lang='lat' dir='ltr'>utrurn</span> <span class='ocrx_word' id='word_1_266' title='bbox 1229 3753 1406 3810; x_wconf 87' lang='lat' dir='ltr'>antenna</span> <span class='ocrx_word' id='word_1_267' title='bbox 1417 3753 1499 3809; x_wconf 87' lang='lat' dir='ltr'>ma-</span> 
     </span>
    </p>
   </div>
   <div class='ocr_carea' id='block_1_16' title="bbox 139 3837 1598 4042">
    <p class='ocr_par' dir='ltr' id='par_1_17' title="bbox 139 3837 1598 4042">
     <span class='ocr_line' id='line_1_33' title="bbox 139 3837 1598 4042; baseline -0.017 -100"><span class='ocrx_word' id='word_1_268' title='bbox 139 3837 401 3941; x_wconf 56' lang='lat' dir='ltr'>manninas</span> <span class='ocrx_word' id='word_1_269' title='bbox 416 3843 620 3942; x_wconf 78' lang='lat' dir='ltr'>elevetur,</span> <span class='ocrx_word' id='word_1_270' title='bbox 639 3843 885 4042; x_wconf 73' lang='lat' dir='ltr'>sipotentia,</span> <span class='ocrx_word' id='word_1_271' title='bbox 900 3837 1248 3933; x_wconf 82' lang='lat' dir='ltr'>videlicetventus</span> <span class='ocrx_word' id='word_1_272' title='bbox 1266 3837 1401 3926; x_wconf 88' lang='lat' dir='ltr'>velum</span> <span class='ocrx_word' id='word_1_273' title='bbox 1417 3843 1495 3922; x_wconf 87' lang='lat' dir='ltr'>im·</span> <span class='ocrx_word' id='word_1_274' title='bbox 1517 3875 1519 3880; x_wconf 95' lang='lat'>·</span> <span class='ocrx_word' id='word_1_275' title='bbox 1596 3886 1598 3892; x_wconf 92' lang='lat'>·</span> 
     </span>
    </p>
   </div>
   <div class='ocr_carea' id='block_1_17' title="bbox 133 3945 1505 4536">
    <p class='ocr_par' dir='ltr' id='par_1_18' title="bbox 133 3945 1505 4536">
     <span class='ocr_line' id='line_1_34' title="bbox 143 3945 1496 4074; baseline -0.001 -36"><span class='ocrx_word' id='word_1_276' title='bbox 143 3945 262 4058; x_wconf 79' lang='lat' dir='ltr'>plens,</span> <span class='ocrx_word' id='word_1_277' title='bbox 283 3961 340 4045; x_wconf 90' lang='lat' dir='ltr'>illi</span> <span class='ocrx_word' id='word_1_278' title='bbox 360 3958 454 4046; x_wconf 81' lang='lat' dir='ltr'>mali</span> <span class='ocrx_word' id='word_1_279' title='bbox 470 3961 574 4072; x_wconf 87' lang='lat' dir='ltr'>parti</span> <span class='ocrx_word' id='word_1_280' title='bbox 592 3986 672 4074; x_wconf 87' lang='lat' dir='ltr'>app</span> <span class='ocrx_word' id='word_1_281' title='bbox 689 3965 793 4044; x_wconf 83' lang='lat' dir='ltr'>itata</span> <span class='ocrx_word' id='word_1_282' title='bbox 809 3957 1127 4068; x_wconf 87' lang='lat' dir='ltr'>intelligeretur,</span> <span class='ocrx_word' id='word_1_283' title='bbox 1144 3961 1210 4042; x_wconf 88' lang='lat' dir='ltr'>cui</span> <span class='ocrx_word' id='word_1_284' title='bbox 1225 3985 1402 4042; x_wconf 87' lang='lat' dir='ltr'>antenna</span> <span class='ocrx_word' id='word_1_285' title='bbox 1421 3956 1496 4042; x_wconf 88' lang='lat' dir='ltr'>ad-</span> 
     </span>
     <span class='ocr_line' id='line_1_35' title="bbox 133 4063 1499 4191; baseline 0.005 -42"><span class='ocrx_word' id='word_1_286' title='bbox 133 4069 332 4160; x_wconf 76' lang='lat' dir='ltr'>·uell&#39;itura</span> <span class='ocrx_word' id='word_1_287' title='bbox 349 4077 437 4160; x_wconf 84' lang='lat' dir='ltr'>haec</span> <span class='ocrx_word' id='word_1_288' title='bbox 456 4101 595 4162; x_wconf 85' lang='lat' dir='ltr'>autern</span> <span class='ocrx_word' id='word_1_289' title='bbox 612 4071 809 4173; x_wconf 87' lang='lat' dir='ltr'>funibus,</span> <span class='ocrx_word' id='word_1_290' title='bbox 832 4075 934 4191; x_wconf 77' lang='lat' dir='ltr'>quo&#39;s</span> <span class='ocrx_word' id='word_1_291' title='bbox 961 4063 1132 4166; x_wconf 68' lang='lat' dir='ltr'>protelat</span> <span class='ocrx_word' id='word_1_292' title='bbox 1150 4099 1328 4166; x_wconf 85' lang='lat' dir='ltr'>vocant,</span> <span class='ocrx_word' id='word_1_293' title='bbox 1347 4065 1499 4156; x_wconf 89' lang='lat' dir='ltr'>sursum</span> 
     </span>
     <span class='ocr_line' id='line_1_36' title="bbox 138 4181 1505 4304; baseline 0.005 -43"><span class='ocrx_word' id='word_1_294' title='bbox 138 4181 321 4288; x_wconf 78' lang='lat' dir='ltr'>trahitur,</span> <span class='ocrx_word' id='word_1_295' title='bbox 336 4189 592 4304; x_wconf 86' lang='lat' dir='ltr'>semperque,</span> <span class='ocrx_word' id='word_1_296' title='bbox 614 4187 696 4274; x_wconf 84' lang='lat' dir='ltr'>five</span> <span class='ocrx_word' id='word_1_297' title='bbox 711 4187 943 4289; x_wconf 83' lang='lat' dir='ltr'>altior,s1ve</span> <span class='ocrx_word' id='word_1_298' title='bbox 957 4189 1009 4274; x_wconf 89' lang='lat' dir='ltr'>de</span> <span class='ocrx_word' id='word_1_299' title='bbox 1041 4185 1171 4272; x_wconf 85' lang='lat' dir='ltr'>ressror</span> <span class='ocrx_word' id='word_1_300' title='bbox 1184 4187 1251 4282; x_wconf 81' lang='lat' dir='ltr'>fit,</span> <span class='ocrx_word' id='word_1_301' title='bbox 1269 4185 1505 4300; x_wconf 62' lang='lat' dir='ltr'>adnectitur</span> 
     </span>
     <span class='ocr_line' id='line_1_37' title="bbox 138 4217 1496 4418; baseline 0.009 -46"><span class='ocrx_word' id='word_1_302' title='bbox 138 4297 329 4389; x_wconf 73' lang='lat' dir='ltr'>carchesio</span> <span class='ocrx_word' id='word_1_303' title='bbox 351 4312 395 4390; x_wconf 91' lang='lat' dir='ltr'>in</span> <span class='ocrx_word' id='word_1_304' title='bbox 412 4310 455 4390; x_wconf 94' lang='lat' dir='ltr'>D</span> <span class='ocrx_word' id='word_1_305' title='bbox 478 4341 487 4386; x_wconf 76' lang='grc' dir='ltr'><strong><em>ε</em></strong></span> <span class='ocrx_word' id='word_1_306' title='bbox 511 4306 853 4418; x_wconf 89' lang='lat' dir='ltr'>quemadmodum</span> <span class='ocrx_word' id='word_1_307' title='bbox 868 4333 989 4390; x_wconf 88' lang='lat' dir='ltr'>nauta</span> <span class='ocrx_word' id='word_1_308' title='bbox 1005 4217 1104 4406; x_wconf 78' lang='lat' dir='ltr'>sitne</span> <span class='ocrx_word' id='word_1_309' title='bbox 1119 4299 1165 4384; x_wconf 92' lang='lat' dir='ltr'>in</span> <span class='ocrx_word' id='word_1_310' title='bbox 1180 4301 1223 4384; x_wconf 95' lang='lat' dir='ltr'>D</span> <span class='ocrx_word' id='word_1_311' title='bbox 1237 4297 1402 4418; x_wconf 81' lang='lat' dir='ltr'>alligato</span> <span class='ocrx_word' id='word_1_312' title='bbox 1421 4331 1496 4384; x_wconf 81' lang='lat' dir='ltr'>na-</span> 
     </span>
     <span class='ocr_line' id='line_1_38' title="bbox 140 4411 1496 4536; baseline 0.011 -51"><span class='ocrx_word' id='word_1_313' title='bbox 140 4411 214 4492; x_wconf 79' lang='lat' dir='ltr'>vim</span> <span class='ocrx_word' id='word_1_314' title='bbox 224 4419 404 4518; x_wconf 88' lang='lat' dir='ltr'>trahens,</span> <span class='ocrx_word' id='word_1_315' title='bbox 417 4421 573 4534; x_wconf 84' lang='lat' dir='ltr'>semper</span> <span class='ocrx_word' id='word_1_316' title='bbox 584 4423 627 4504; x_wconf 90' lang='lat' dir='ltr'>in</span> <span class='ocrx_word' id='word_1_317' title='bbox 642 4423 686 4504; x_wconf 92' lang='lat' dir='ltr'>D</span> <span class='ocrx_word' id='word_1_318' title='bbox 705 4419 927 4536; x_wconf 86' lang='lat' dir='ltr'>applicatus</span> <span class='ocrx_word' id='word_1_319' title='bbox 940 4413 1206 4530; x_wconf 85' lang='lat' dir='ltr'>intelligitur,</span> <span class='ocrx_word' id='word_1_320' title='bbox 1221 4419 1404 4532; x_wconf 88' lang='lat' dir='ltr'>quamvis</span> <span class='ocrx_word' id='word_1_321' title='bbox 1418 4415 1496 4501; x_wconf 91' lang='lat' dir='ltr'>hu-</span> 
     </span>
    </p>
   </div>
   <div class='ocr_carea' id='block_1_18' title="bbox 135 4521 1525 4650">
    <p class='ocr_par' dir='ltr' id='par_1_19' title="bbox 135 4521 1525 4650">
     <span class='ocr_line' id='line_1_39' title="bbox 135 4521 1525 4650; baseline 0.018 -45"><span class='ocrx_word' id='word_1_322' title='bbox 135 4521 338 4622; x_wconf 75' lang='lat' dir='ltr'>uiliorem</span> <span class='ocrx_word' id='word_1_323' title='bbox 365 4535 477 4632; x_wconf 89' lang='lat' dir='ltr'>loco,</span> <span class='ocrx_word' id='word_1_324' title='bbox 508 4529 632 4650; x_wconf 82' lang='lat' dir='ltr'>qurlm</span> <span class='ocrx_word' id='word_1_325' title='bbox 654 4534 1012 4632; x_wconf 86' lang='lat' dir='ltr'>D,constiruarut.</span> <span class='ocrx_word' id='word_1_326' title='bbox 1062 4529 1216 4620; x_wconf 82' lang='lat' dir='ltr'>Veritm</span> <span class='ocrx_word' id='word_1_327' title='bbox 1244 4561 1328 4614; x_wconf 91' lang='lat' dir='ltr'>non</span> <span class='ocrx_word' id='word_1_328' title='bbox 1354 4527 1411 4640; x_wconf 81' lang='lat' dir='ltr'>ibi</span> <span class='ocrx_word' id='word_1_329' title='bbox 1435 4533 1525 4630; x_wconf 69' lang='lat' dir='ltr'>vis.</span> 
     </span>
    </p>
   </div>
   <div class='ocr_carea' id='block_1_19' title="bbox 143 4630 1496 4852">
    <p class='ocr_par' dir='ltr' id='par_1_20' title="bbox 143 4630 1496 4852">
     <span class='ocr_line' id='line_1_40' title="bbox 143 4630 1496 4852; baseline 0.052 -131"><span class='ocrx_word' id='word_1_330' title='bbox 143 4649 242 4784; x_wconf 71' lang='lat' dir='ltr'>tenti</span> <span class='ocrx_word' id='word_1_331' title='bbox 258 4651 423 4764; x_wconf 75' lang='lat' dir='ltr'>praecise</span> <span class='ocrx_word' id='word_1_332' title='bbox 435 4651 702 4770; x_wconf 78' lang='lat' dir='ltr'>intelligenda</span> <span class='ocrx_word' id='word_1_333' title='bbox 718 4651 805 4752; x_wconf 87' lang='lat' dir='ltr'>est,</span> <span class='ocrx_word' id='word_1_334' title='bbox 823 4650 895 4738; x_wconf 91' lang='lat' dir='ltr'>ubi</span> <span class='ocrx_word' id='word_1_335' title='bbox 911 4675 1092 4738; x_wconf 79' lang='lat' dir='ltr'>antenna</span> <span class='ocrx_word' id='word_1_336' title='bbox 1106 4643 1191 4852; x_wconf 54' lang='lat' dir='ltr'>eigs</span> <span class='ocrx_word' id='word_1_337' title='bbox 1210 4630 1375 4780; x_wconf 38' lang='lat' dir='ltr'>seim-⁸</span> <span class='ocrx_word' id='word_1_338' title='bbox 1387 4644 1496 4786; x_wconf 50' lang='grc' dir='ltr'>ω</span> 
     </span>
     <span class='ocr_line' id='line_1_41' title="bbox 158 4791 1261 4849; baseline 0.055 -60"><span class='ocrx_word' id='word_1_339' title='bbox 158 4791 187 4824; x_wconf 30' lang='lat'>„⁸</span> <span class='ocrx_word' id='word_1_340' title='bbox 1195 4793 1261 4849; x_wconf 91' lang='lat' dir='ltr'>oo</span> 
     </span>
    </p>
   </div>
   <div class='ocr_carea' id='block_1_20' title="bbox 0 0 1891 5270">
    <p class='ocr_par' dir='ltr' id='par_1_21' title="bbox 0 0 1891 5270">
     <span class='ocr_line' id='line_1_42' title="bbox 0 0 1891 5270; baseline 0 0"><span class='ocrx_word' id='word_1_341' title='bbox 0 0 1891 5270; x_wconf 95' lang='lat' dir='ltr'> </span> 
     </span>
    </p>
   </div>
  </div>
 </body>
</html>
