3780 5270
448 184 605 301 Liber
620 193 847 345 quintus.
907 191 1131 336 CAPhuT
1157 204 1255 312 VI.
1333 297 1334 302 Ν
1409 247 1534 362 ²549

157 357 230 444 tui
248 355 378 440 otium
397 349 543 448 fitetit,
561 349 911 466 quemadmodum·
925 382 980 438 an
997 353 1141 442 nostris
1167 357 1302 448 ufibur
1326 368 1536 460 navalibus

146 471 379 560 artificium
390 465 635 581 boetiiquid
650 464 1129 587 utilitatisaffetrepoffit,
1355 483 1361 492 “

216 591 333 672 Hinc
348 579 560 670 manifesta
579 579 796 668 fitillarum
805 584 1088 674 machinarum
1104 594 1190 690 vis,
1207 623 1297 710 quae
1311 601 1521 692 Pancraria

156 697 441 798 Gloffocoma‚
454 697 658 810 Charistia
668 759 681 798 ,
693 709 736 786 &
753 699 895 816 srquod
910 698 970 786 est
980 701 1090 788 aliud
1104 697 1455 824 vocabuligenus,
1469 721 1534 807 di.¹

155 847 322 916 cuntur,
332 845 384 902 ox
393 813 571 927 plurium
588 840 873 928 tympanorum
883 815 1167 931 complexione
1176 828 1381 914 minorum
1393 844 1434 922 δι
1447 863 1531 919 ma.

152 939 304 1047 jocum,
315 935 373 1016 ita
387 945 434 1014 ut
451 926 644 1028 dminore
662 957 823 1046 tympqr
843 963 846 966 ·
879 935 952 1028 ²cui
965 933 1223 1022 manubrium
1236 940 1413 1044 additur,
1430 949 1531 1032 inci-

150 1055 240 1174 piat
254 1073 399 1143 motus,
411 1056 454 1134 δι
467 1043 661 1160 deinceps
680 1049 837 1130 minora
852 1045 1072 1153 majoribus
1088 1049 1428 1169 consequentibus
1441 1093 1532 1148 mo·

152 1195 247 1252 tum
264 1164 580 1250 communicent.
621 1159 970 1278 Qrandoquidem
993 1163 1123 1248 rotula
1150 1169 1284 1252 minor
1308 1174 1474 1264 dentata
1499 1177 1529 1264 fi

148 1305 412 1396 comparetur
437 1307 534 1362 cum
564 1273 649 1360 toti
677 1278 857 1384 majore,
893 1306 990 1362 cum
1014 1309 1094 1392 qua
1119 1311 1379 1372 communem
1402 1289 1530 1381 habet

128 1425 300 1492 -axem,
318 1397 461 1508 utique
473 1388 624 1478 tardius
640 1418 850 1490 movetur,
861 1388 986 1506 quim
999 1395 1230 1510 peripheria
1242 1429 1336 1486 rotae
1354 1411 1528 1520 majoris,

150 1539 343 1626 numqua
356 1511 635 1594 conneditur:
656 1511 712 1592 At
726 1500 825 1592 verb
841 1506 978 1592 sicum
994 1503 1077 1592 rotd
1092 1515 1242 1624 majore
1255 1513 1529 1632 consequente

149 1621 1528 1750 comparetur‚cujusdentesapprehendit,utiqueaequaliscstipsa·

148 1771 246 1828 rum
261 1734 393 1826 rnotbs
408 1737 623 1836 velocitas,
639 1767 733 1832 nam
742 1737 876 1852 plures
885 1737 1052 1822 minoris
1067 1745 1346 1842 conversiones
1354 1749 1526 1874 aequales

148 1855 329 1948 suntuni
349 1853 601 1942 conversroni
616 1854 1143 1970 majoris,quamefficiunr.
1190 1863 1249 1944 Sit
1262 1887 1348 1946 rota
1361 1865 1526 1955 dentata

1200 3003 1247 3102 0

142 3352 183 3434 A
198 3349 250 3444 B,
272 3341 387 3453 cujus
405 3341 469 3422 axi
484 3335 651 3422 firmiter
664 3335 793 3422 infixo
803 3337 989 3425 additum
1007 3335 1054 3422 sit
1068 3339 1327 3460 manubrium
1335 3342 1515 3460 ejusdem
1551 3378 1554 3384 ·

141 3489 242 3548 rotae
256 3451 538 3544 semidiametri
564 3461 626 3554 οἷς.
640 3479 699 3564 gr.
721 3453 1011 3572 quintuplum,
1031 3485 1079 3543 ac
1098 3485 1310 3574 propterea
1323 3463 1516 3576 potentia

139 3571 359 3666 manubrio
400 3569 599 3684 applicata
640 3567 859 3684 qqintuplo
902 3569 1081 3658 velociiu
1114 3599 1303 3658 movetur
1333 3637 1360 3676 „
1390 3573 1516 3692 quim

138 3687 504 3810 punsbumintotae
524 3689 604 3768 AB
629 3681 859 3800 peiipheriri
876 3713 1074 3770 notatum.
1119 3687 1407 3775 Addaturrota
1423 3721 1511 3776 ma-

136 3815 200 3922 jor
219 3805 449 3916 BC,cujus
457 3801 600 3886 dentes
613 3797 873 3918 implicentur
887 3797 1079 3886 dentibus
1092 3800 1232 3888 rotula
1246 3807 1325 3890 ΒΑ
1341 3843 1350 3888 :
1368 3836 1419 3892 ex
1433 3805 1514 3894 hu·

135 3931 203 4038 jus
223 3919 483 4008 convetsrone
494 3915 561 4000 illa
571 3921 718 4032 pariter
735 3913 1016 4011 convolvitur-5
1035 3915 1141 4004 sed'sr
1159 3917 1356 4004 diameter
1372 3921 1451 4006 BA
1465 3917 1514 4006 stt

135 4039 324 4130 diametri
353 4035 434 4118 BC
461 4027 675 4148 subtripla,
694 4059 755 4116 ter
766 4029 897 4116 rotula
923 4035 1001 4120 BA
1026 4031 1229 4134 volvitur,
1257 4061 1303 4118 ut
1317 4063 1404 4120 rota
1426 4041 1458 4121 B
1473 4037 1511 4122 C

134 4151 339 4268 compleat
356 4153 556 4260 integram
574 4129 901 4248 conversionem,
919 4178 967 4234 ac
987 4149 1158 4264 proinde
1182 4143 1365 4266 potentia
1384 4153 1509 4266 quin-

122 4269 254 4388 ¹tupio
271 4262 450 4353 velocius
465 4291 674 4362 movetur,
691 4259 815 4378 quim
827 4289 914 4348 rota
933 4269 1025 4352 BC.
1069 4267 1179 4348 Rota
1192 4265 1280 4348 haec
1293 4267 1422 4380 major
1435 4263 1513 4350 fibi-

135 4411 369 4484 connexam
381 4375 530 4466 habeat
548 4383 591 4464 in
607 4379 752 4467 eodem
765 4408 840 4465 axe
852 4371 1053 4468 minorem
1066 4375 1164 4478 SD,
1180 4409 1269 4494 quae
1282 4379 1510 4496 apprchen-

135 4504 208 4592 dat
220 4501 363 4586 dentes
384 4492 566 4582 secunda
592 4499 751 4612 majoris
769 4523 864 4578 rota
882 4497 973 4581 DE
984 4531 998 4592 3
1017 4524 1107 4612 quae
1121 4493 1301 4580 similiter
1309 4503 1354 4580 in
1364 4495 1510 4582 eodem

133 4648 212 4706 axe
238 4614 499 4731 conjunctam
521 4611 671 4702 babeat
699 4617 899 4704 minorem
923 4615 954 4703 F
975 4615 1016 4700 R
1038 4647 1049 4697 r
1061 4609 1195 4812 {injur
1221 4611 1364 4702 dentes
1393 4637 1507 4724 rnorq

1110 4751 1177 4822 zz
1224 4759 1245 4838 3
