3766 5270
439 222 840 384 Liberquintus.
885 227 1099 348 CAPuT
1130 239 1225 352 lli.
1419 245 1523 390 {17
1665 241 1667 248 ’

144 391 367 476 innuimus.
410 387 541 476 Navis
564 414 704 480 autem
730 389 930 504 capacitas
958 393 1070 490 (hoe
1094 395 1157 483 est
1184 397 1374 514 pondus,
1407 409 1520 522 quod

143 508 259 592 mvis
281 501 438 618 gestare
456 503 592 604 velet,
622 512 665 590 δι
702 500 856 619 aequale
887 501 949 591 est
979 509 1168 622 gravitati
1197 519 1310 600 navis
1329 525 1372 616 in
1397 531 1516 623 aire)

140 620 208 708 vel
233 649 307 734 per
330 619 467 718 doliu,
490 617 560 712 seu
577 619 791 734 amphoras
814 649 930 736 aquae
954 682 967 720 ‚
990 653 1113 740 quam
1145 627 1228 712 line
1256 635 1522 724 incommodo

137 736 247 832 ferre
267 737 426 854 potest,
449 763 706 836 numeratur,
725 763 771 820 ut
792 731 922 822 solent
935 737 1044 826 Galli
1064 752 1107 829 lic
1123 747 1191 828 An
1221 743 1517 861 lifingulisdo-

136 851 204 938 liis
232 851 442 938 navalibus
474 851 596 938 libras
630 851 690 937 bis
717 849 828 937 mille
861 851 1116 957 tribuentes,
1141 889 1167 945 v
1224 889 1299 978 per
1323 869 1518 979 pondera,
1699 973 1703 980 ‚

137 997 233 1082 quae
262 967 479 1055 Hollandis
508 996 634 1084 atque
666 967 884 1054 Germanis
914 967 1004 1078 Last
1026 973 1253 1072 dicuutur,
1283 977 1437 1094 fingula
1461 983 1515 1068 li-

93 1171 100 1177 „
133 1083 303 1170 brorum
330 1081 467 1176 saltem
531 1111 675 1168 uatuor
705 1081 883 1170 millibus
909 1085 1080 1172 definita
1110 1094 1230 1186 (nam
1256 1097 1343 1202 cast
1378 1099 1515 1185 Ham,-

133 1199 260 1312 burgi
293 1113 527 1294 continet?

131 1315 264 1402 habet
289 1313 360 1400 lib.
375 1325 521 1421 4800,
552 1315 613 1400 sm
639 1342 777 1401 autem
805 1312 920 1428 siligo
942 1314 1013 1401 lib.
1028 1345 1169 1424 4200,
1195 1321 1384 1418 Stevinus
1411 1325 1517 1412 vero

131 1429 206 1516 lib.
228 1463 262 1537 3.
285 1428 433 1515 staticae
461 1459 555 1548 pop.
583 1461 643 1518 ro.
674 1427 850 1540 singulos
884 1432 1041 1518 modios
1060 1433 1218 1526 delinit„
1232 1433 1302 1520 lib.
1322 1445 1431 1544 360)
1470 1453 1516 1530 ὃς

133 1543 306 1659 lingulis
325 1546 437 1632 libris
464 1550 594 1632 uncie
620 1542 854 1642 sexdecim,
878 1541 946 1632 seu
974 1561 1122 1628 botones
1152 1581 1200 1655 3²
1221 1611 1234 1649 ,
1258 1551 1339 1636 hoc
1364 1555 1422 1641 est
1449 1555 1511 1644 st.

132 1651 313 1750 inunciae
339 1661 562 1748 tribuendae
583 1659 686 1746 sunt.
733 1661 873 1778 che
895 1659 990 1746 dau
1012 1661 1124 1746 navis
1149 1663 1348 1780 capaoitns
1368 1699 1432 1755 ex.
1451 1699 1511 1784 gr.

130 1775 343 1866 doliorum
375 1808 494 1885 400,
529 1772 824 1890 multiplicetur
851 1801 926 1887 per
958 1775 1028 1860 lib.
1048 1807 1152 1864 2000
1180 1811 1194 1874 5
1231 1791 1273 1868 &
1306 1779 1408 1869 sunt.
1439 1785 1512 1872 lib.

523 1200 628 1286 ibus
660 1229 813 1310 4554,
845 1199 1171 1304 Amstelodami,
1201 1206 1230 1290 sr
1262 1207 1310 1292 srt
1334 1217 1516 1300 triticum
1696 1259 1700 1276 ·

135 1901 342 1992 800000,
371 1923 543 2006 quarum
560 1919 652 2006 pars
676 1887 956 1974 trecentesima
980 1889 1051 1976 lib.
1076 1899 1185 1978 2666
1209 1895 1270 1981 est
1288 1893 1375 1982 feri
1404 1917 1511 2014 pon.·
1642 1963 1646 1970 .

129 2009 210 2094 dus
234 2009 424 2094 anchore
453 2037 550 2093 cum
572 2000 1025 2120 ligneorransversario.
1070 1999 1237 2093 Poil'uni
1263 2039 1399 2098 autern
1425 2043 1511 2098 non

128 2123 270 2239 plures
293 2121 484 2239 applicari
505 2125 637 2208 veiies
657 2114 782 2236 quim
802 2145 1006 2232 quatuor,
1028 2117 1209 2236 ide6que
1227 2125 1373 2245 singuli
1392 2159 1510 2241 quar·

131 2267 219 2323 tam
249 2241 438 2354 ponderis
456 2265 611 2352 partem
637 2235 801 2322 elevare
817 2229 971 2318 debent
993 2297 1006 2333 ,
1037 2237 1119 2322 hoc
1149 2237 1209 2322 est
1231 2239 1300 2324 lib.
1323 2253 1420 2328 666.
1468 2245 1511 2330 si

127 2353 261 2441 fuerit
282 2353 407 2464 igitur
430 2351 601 2467 cylindri
631 2345 925 2443 seruidiamerer
943 2352 966 2462 ξ-
982 2355 1128 2466 pedis,
1156 2361 1199 2439 &
1229 2359 1289 2438 vis
1316 2359 1510 2468 potentiae

131 2491 261 2603 [quio
289 2481 371 2599 ipsa
400 2480 580 2598 corporis
613 2479 787 2592 gravitas
826 2481 983 2562 venem
1019 2481 1199 2588 premit)
1239 2483 1286 2566 srt
1321 2483 1507 2575 elevandi

128 2603 199 2690 lib.
236 2633 350 2696 roo,
391 2599 461 2682 fiat
500 2625 546 2680 ut
575 2628 652 2684 rou
688 2592 741 2678 ad
773 2601 888 2690 666,
922 2597 978 2676 ita
1005 2595 1028 2709 J
1056 2593 1171 2706 pedis
1195 2599 1248 2680 ad
1273 2600 1394 2710 pedes
1419 2601 1507 2689 fere
1598 2669 1602 2676 .

128 2737 318 2850 quinque
343 2761 356 2820 ς
387 2735 430 2812 &
461 2723 550 2809 haec
574 2729 651 2810 erit
677 2719 840 2840 quaefita
862 2719 1081 2834 longitudo
1100 2725 1248 2836 ll'adij,
1272 2737 1338 2816 cui
1361 2763 1508 2852 poten·

129 2855 183 2933 tia
212 2843 456 2960 applicanda
477 2837 549 2924 est.
1088 2885 1090 2889 ·

139 3074 1476 3136 Μ

218 3223 223 3230 ’
385 3283 389 3288 ·
553 3255 1084 3398 curor-111.
1275 3220 1279 3230 ⁴

280 3555 521 3710 Umpani
561 3541 595 3662 ri
630 3545 860 3662 calcante
891 3557 1177 3670 circumalii
1206 3561 1347 3670 vir'es

640 3709 1002 3865 expenduntur.

216 3987 426 4100 Ympnna‚
444 4011 535 4102 quae
555 3985 709 4072 Graecis
726 4015 874 4089 pipern,
896 3989 1048 4074 Latinis
1064 3985 1219 4078 retenti
1234 3988 1423 4076 vocabuli
1438 3993 1499 4079 in⁶

216 4099 505 4214 terpretarione
539 4113 648 4182 Grues
674 4099 896 4203 dicuntur,
923 4106 1008 4192 hoc
1027 4092 1225 4191 differunt
1251 4101 1274 4187 i
1301 4107 1497 4210 Surculi,

120 4215 237 4334 quod
266 4217 318 4302 ab
342 4215 576 4303 hominibus
604 4243 688 4304 non
708 4219 967 4308 brachiorum
995 4227 1286 4318 contentione,
1316 4220 1383 4308 sed
1401 4255 1496 4308 cor-

120 4341 227 4447 poris
244 4333 438 4418 calcantis
456 4339 652 4446 gravitate
677 4358 905 4424 moventur.
951 4341 1115 4423 Horum
1135 4363 1274 4420 aurem
1298 4335 1493 4452 frequen-

118 4446 286 4534 tillirirus
314 4447 374 4532 est
398 4441 489 4531 usus
514 4475 602 4535 rum
630 4455 673 4535 in
697 4451 920 4542 Hwollandii
951 4453 1040 4538 tirm
1064 4457 1107 4537 in
1141 4451 1358 4552 Germanii
1378 4459 1495 4563 juxta

119 4563 270 4648 fluvios
299 4562 586 4674 navigabiles,
617 4595 662 4649 ut
686 4569 869 4679 iugentia
900 4571 1079 4682 pondera
1108 4565 1131 4652 ὲ
1159 4567 1328 4650 navibus
1356 4596 1493 4654 extra-

119 4677 256 4782 hant,
281 4687 324 4768 δι
344 4683 390 4766 in
412 4675 500 4794 ripi
521 4682 729 4798 deponent
753 4719 763 4768 r
785 4711 1033 4798 quamquam
1055 4681 1171 4886 &Tad
1196 4680 1293 4768 alios
1319 4681 1412 4771 ulus
1432 4683 1498 4771 fn.
1540 4721 1544 4730 ⁴

183 4837 186 4844 ·
1134 4823 1183 4883 rt
1240 4831 1263 4906 3
