3780 5270
373 279 489 415 ³540
867 237 1295 365 'Machanicomm

364 424 520 514 eadem
538 411 687 505 habere
701 413 864 508 videtur
884 429 1090 496 momenta
1100 438 1112 499 5
1131 411 1226 520 quia
1246 405 1442 520 punitum
1459 405 1524 503 C,
1543 408 1649 489 cuia
1679 405 1749 521 pli..

362 569 465 646 ¹tata
488 529 731 644 intelligitur
759 531 971 645 potentia,
996 527 1112 633 juxta
1131 524 1323 634 potentiae
1349 519 1617 604 directionem
1640 433 1749 606 donli

375 657 552 742 Ratione
587 649 747 734 accedit
778 643 914 731 versus
956 634 1181 756 potentiam
1211 633 1441 750 comparate
1470 639 1524 722 ad
1552 631 1753 720 ascensum

374 771 514 890 puniit
531 769 655 863 Axis,
672 761 740 846 cui
756 757 980 875 applicatur
998 753 1179 870 pondua,
1196 779 1243 833 ac
1256 749 1316 839 est
1333 753 1456 834 Ratio
1474 747 1752 835 semidiametri

374 889 558 1000 tympani
578 881 630 964 ad
655 875 992 962 sernidiametrum
1009 871 1121 954 Axis.
1165 863 1642 978 Concipiamusenimin
1656 897 1750 949 ton-

374 999 589 1088 volutione
619 997 816 1110 pundlum
847 993 884 1073 C
917 989 1058 1071 venire
1082 985 1125 1064 in
1155 985 1214 1077 F,
1243 985 1441 1093 pontium
1472 978 1574 1066 verb
1605 986 1696 1065 Bin
1715 987 1751 1065 l:

365 1118 577 1236 pandum
590 1115 713 1222 igitur
731 1111 768 1192 C
785 1101 953 1217 sequens
969 1097 1160 1214 potentiae
1170 1095 1435 1180 direelion'em
1448 1097 1610 1180 accedit
1624 1095 1753 1183 versus

379 1233 605 1348 potentiam
632 1227 747 1334 juxta
783 1215 1010 1302 mensuram
1037 1209 1155 1296 sinls
1177 1204 1290 1292 arctis
1327 1213 1440 1309 CF,
1461 1213 1542 1296 hoc
1570 1212 1634 1297 est
1659 1215 1751 1308 OF,

380 1341 725 1464 quemadmodum
739 1339 935 1451 punstum
955 1335 983 1412 B
1000 1323 1141 1412 contri
1154 1323 1418 1409 disertionem
1434 1330 1642 1438 gravitatis
1656 1357 1753 1442 pon·

379 1465 486 1547 deris
502 1455 680 1543 ascendit
699 1457 815 1566 juxta
832 1443 1063 1532 mensuram
1086 1439 1203 1525 sinus
1224 1437 1340 1524 atclls
1359 1445 1441 1526 Bl:
1457 1438 1696 1527 suntantem
1713 1443 1754 1528 lti

381 1577 488 1662 smus
515 1577 695 1664 arduum,
710 1564 895 1648 limilium
909 1557 1087 1644 similiter
1107 1555 1325 1670 positorum
1349 1559 1393 1638 in
1406 1559 1581 1640 Ratione
1596 1558 1750 1644 Rodio-

373 1721 473 1800 rum
491 1695 528 1775 A
543 1689 580 1772 C
595 1684 644 1768 ad
662 1685 700 1766 A
714 1689 757 1765 B·
794 1681 923 1792 Atqui
940 1675 1017 1758 five
1033 1677 1075 1754 in
1092 1677 1151 1769 K,
1169 1669 1248 1790 five
1260 1673 1304 1752 in
1321 1669 1371 1752 M
1386 1669 1640 1784 intelligatur
1653 1701 1753 1788 pon-
1871 1667 1872 1692 ¹

381 1808 471 1904 dus,
482 1797 664 1889 ascensus
679 1796 784 1878 illius
797 1789 1030 1904 estaequalis
1043 1784 1219 1870 ascensui
1239 1791 1269 1868 B
1282 1789 1299 1868 l
1309 1813 1435 1896 eergo
1446 1789 1499 1872 ad
1514 1787 1618 1886 illua,
1632 1819 1677 1872 ut
1686 1819 1752 1904 po

382 1949 424 2006 te
435 1923 534 2005 huic
547 1911 719 2030 aquales
732 1900 935 2009 ,lact-effus
951 1903 1091 2020 puniti
1107 1903 1144 1986 C
1160 1901 1211 1983 ad
1229 1908 1475 2014 potentiam,
1496 1907 1568 2018 qui
1585 1903 1645 1988 est
1662 1909 1752 2001 OF,

381 2035 556 2135 eandem
570 2025 695 2114 habet
704 2028 936 2116 Rationem,
951 2049 1040 2134 quae
1054 2017 1113 2102 est
1124 2017 1246 2125 Radij
1265 2019 1296 2097 A
1314 2017 1350 2101 C
1366 2018 1417 2101 ad
1430 2019 1611 2102 Radium
1631 2023 1721 2104 AB.

413 2205 418 2218 -
441 2149 498 2236 At
516 2143 615 2232 veri)
632 2143 660 2224 fi
675 2143 774 2224 Axis
789 2135 988 2230 secundus
1003 2133 1050 2218 stt
1065 2135 1118 2230 T,
1132 2134 1313 2244 potentia
1328 2161 1411 2214 non
1424 2131 1670 2248 intelligitur
1684 2165 1750 2251 ap-

381 2261 529 2383 plicata
540 2262 786 2376 tympanoin
800 2257 862 2350 C,
883 2247 1005 2334 sedin
1021 2257 1051 2334 F
1064 2309 1075 2347 ,
1090 2246 1159 2331 ubi
1173 2245 1371 2330 circulum
1383 2257 1517 2360 tangit
1533 2253 1643 2334 seua
1656 2255 1750 2346 Tr,

382 2388 465 2466 nee‘·
477 2375 741 2494 ejusdireuio
758 2371 837 2456 FT
852 2363 912 2450 est
925 2363 1110 2479 parallelo
1125 2361 1338 2446 direliioni
1355 2362 1544 2476 ponderis
1565 2367 1648 2450 BG
1664 2427 1676 2464 ,
1692 2365 1753 2450 sed

384 2491 578 2610 obliqua,
595 2482 702 2573 adeo
719 2511 768 2569 ut
784 2481 968 2600 quamvis
985 2487 1014 2568 F
1031 2476 1177 2564 veniat
1191 2475 1236 2560 in
1255 2481 1310 2586 Q
1320 2507 1391 2592 pet
1406 2509 1548 2564 arcum
1561 2481 1755 2596 aequalem
1871 2543 1872 2590 ,

382 2615 493 2696 aretii
516 2607 623 2701 CF,
640 2600 736 2718 quia
751 2627 887 2683 tamen
902 2627 986 2680 non
997 2593 1057 2679 est
1068 2593 1246 2678 similiter
1255 2597 1426 2706 politus,
1443 2600 1639 2711 puntiuni
1654 2605 1685 2684 F
1702 2596 1755 2681 se-

383 2755 512 2842 quens
525 2723 789 2808 direffionem
809 2715 1000 2828 potentiae
1015 2711 1175 2794 accedit
1194 2708 1332 2795 verslas
1348 2716 1570 2823 potentiam
1585 2709 1754 2812 accello,

384 2870 507 2956 quem
521 2841 687 2922 metitur
706 2835 745 2915 R
760 2835 815 2921 1³,
837 2825 1043 2916 estautem
1070 2828 1151 2910 RP
1170 2822 1304 2906 minor
1327 2824 1451 2939 quim
1472 2829 1579 2926 AR,
1603 2829 1686 2913 hoc
1701 2829 1754 2912 est

383 2961 492 3052 OF,
522 2979 568 3038 ut
581 2981 635 3036 ex
663 2942 846 3042 doctrina
874 2948 1044 3027 Sinuurn
1061 2939 1243 3032 constat,
1263 2943 1389 3052 igitur
1410 2937 1586 3027 accolius
1608 2949 1688 3030 RP
1708 2947 1753 3030 ad

384 3065 660 3156 ascensui-nili
679 3061 803 3147 habet
813 3063 1011 3170 minorem
1024 3059 1241 3140 Rationem
1253 3116 1264 3153 ,
1278 3053 1401 3170 quim
1415 3055 1592 3144 accell‘ut
1609 3065 1694 3146 OF
1707 3061 1753 3145 ad

385 3185 565 3275 eundem
584 3175 789 3266 ascensum
803 3179 874 3259 ss-J.
916 3174 1105 3274 Potentia
1117 3171 1244 3284 igitur
1256 3171 1572 3260 volvensrxem
1598 3181 1638 3260 T
1655 3175 1752 3260 inli-

385 3307 463 3387 ned
480 3303 556 3388 TF
584 3291 749 3409 obliqud
771 3295 927 3378 minora
952 3287 1078 3374 habet
1102 3313 1330 3384 momenta,
1357 3285 1481 3404 quim
1504 3296 1548 3374 in
1569 3290 1754 3406 paralleli

386 3417 433 3500 H
447 3419 497 3503 C.
547 3409 737 3497 Similiter
762 3408 790 3488 sr
815 3407 912 3488 Axis
937 3403 1060 3488 fuerit
1078 3409 1116 3490 V
1137 3402 1300 3518 propior
1321 3401 1445 3518 quim
1461 3409 1561 3490 Axis
1579 3413 1619 3490 T
1626 3443 1639 3501 ς
1655 3407 1756 3492 linea

389 3539 429 3620 V
441 3535 484 3614 D
504 3531 636 3640 tangit
648 3519 845 3608 circulum
860 3523 903 3602 in
917 3521 960 3604 D
977 3520 1127 3634 puniio
1140 3523 1353 3604 remotiore
1366 3518 1488 3636 quim
1502 3525 1556 3619 F,
1571 3519 1594 3606 al
1609 3529 1757 3638 punuo

251 3739 254 3744 ,
388 3651 508 3741 Crac
523 3663 733 3760 propterea
745 3633 841 3723 'dati
854 3629 967 3720 arcils
977 3631 1205 3752 aequalitate
1214 3634 1351 3720 adhue
1364 3635 1499 3720 minor
1509 3637 1569 3722 est
1584 3635 1755 3724 accellus

257 3795 261 3811 ’
387 3767 431 3846 in
451 3765 494 3844 D
511 3756 635 3875 qurlm
646 3755 691 3838 in
708 3761 763 3853 F,
787 3749 1002 3866 multdque
1015 3755 1148 3834 minor
1161 3745 1286 3864 quim
1299 3752 1342 3832 in
1358 3753 1421 3851 C,
1440 3761 1480 3838 &
1501 3750 1661 3840 idcircd
1677 3762 1751 3839 mi.

327 3957 328 3960 γ
386 3873 667 3964 norem'habet
683 3869 873 3954 trahendi
889 3863 1138 3951 facilitatem.
1166 3871 1308 3980 Quare
1318 3862 1404 3980 qui)
1416 3872 1581 3984 propior
1589 3870 1650 3955 est
1666 3877 1756 3956 Axis

387 3992 612 4086 secundus,
629 3987 811 4071 sttrastio
822 3981 870 4066 srt
880 3979 1066 4098 obliqua,
1079 4009 1126 4068 ut
1143 3983 1223 4070 TF
1241 3989 1283 4068 δι
1300 3985 1398 4096 Ἣ)
1413 4045 1424 4083 ,
1438 3981 1528 4099 plus
1541 3983 1756 4077 labotisre-

238 4123 243 4144 '
387 4108 564 4228 quiritur
579 4111 622 4190 in
634 4099 851 4190 movendo.

335 4257 342 4264 ·
396 4223 400 4234 '
446 4231 597 4338 Neque
606 4223 688 4308 hoc
702 4213 806 4301 mihi
820 4213 1166 4299 in'conliderantiae
1177 4208 1353 4316 tribuas,
1366 4215 1477 4334 quod
1492 4211 1759 4336 assumpserim

283 4403 285 4408 ,
387 4373 507 4431 arcus
522 4341 600 4427 CF
611 4339 708 4424 &B
752 4331 920 4450 perinde
934 4357 1058 4444 atque
1079 4327 1233 4415 stidem
1248 4325 1514 4430 effetmotus,
1529 4363 1578 4416 ac
1595 4339 1758 4449 quando

323 4575 324 4579 Ν
363 4465 365 4469 ’
385 4461 495 4548 lionis
511 4455 556 4540 H
570 4453 607 4541 C
623 4445 702 4537 elle
735 4449 903 4535 firmiter
912 4443 1099 4557 alligatus
1110 4451 1156 4529 in
1171 4447 1234 4546 C,
1251 4457 1294 4534 ὃς
1305 4449 1528 4564 ejuscaput
1541 4456 1698 4536 veniret
1708 4483 1757 4537 ex

387 4575 425 4662 C
443 4577 486 4658 in
501 4574 557 4664 r,
573 4597 667 4654 cum
685 4591 821 4652 tamen
832 4562 912 4648 alia
925 4557 1079 4678 semper
1101 4589 1225 4678 atque
1237 4563 1316 4649 alia
1326 4583 1417 4678 pata
1430 4563 1540 4650 funis
1558 4563 1648 4651 aliis
1666 4565 1756 4654 snb-

387 4690 483 4784 iude
501 4678 744 4808 peripheria
760 4677 942 4800 tympani
958 4675 1391 4808 pmibusrespondeat
1403 4741 1417 4784 ,
1429 4683 1475 4767 in
1490 4681 1642 4808 quibos
1654 4668 1757 4768 litid

1560 4799 1755 4914 angulum
