<?xml version="1.0" encoding="UTF-8"?>
<!DOCTYPE html PUBLIC "-//W3C//DTD XHTML 1.0 Transitional//EN"
    "http://www.w3.org/TR/xhtml1/DTD/xhtml1-transitional.dtd">
<html xmlns="http://www.w3.org/1999/xhtml" xml:lang="en" lang="en">
 <head>
  <title>
</title>
<meta http-equiv="Content-Type" content="text/html;charset=utf-8" />
  <meta name='ocr-system' content='tesseract 3.04.00' />
  <meta name='ocr-capabilities' content='ocr_page ocr_carea ocr_par ocr_line ocrx_word'/>
</head>
<body>
  <div class='ocr_page' id='page_1' title='image "./rppaulicasatipl00casagoog_0307.png"; bbox 0 0 3808 5262; ppageno 0'>
   <div class='ocr_carea' id='block_1_1' title="bbox 233 180 1902 4904">
    <p class='ocr_par' dir='ltr' id='par_1_1' title="bbox 233 180 1902 4904">
     <span class='ocr_line' id='line_1_1' title="bbox 233 180 1265 328; baseline 0.002 -4"><span class='ocrx_word' id='word_1_1' title='bbox 233 297 238 306; x_wconf 84' lang='lat'><strong>·</strong></span> <span class='ocrx_word' id='word_1_2' title='bbox 363 180 417 324; x_wconf 49' lang='lat' dir='ltr'><strong>s</strong></span> <span class='ocrx_word' id='word_1_3' title='bbox 838 209 1265 328; x_wconf 77' lang='lat' dir='ltr'><strong>Mechanicorum</strong></span> 
     </span>
     <span class='ocr_line' id='line_1_2' title="bbox 348 364 1734 494; baseline -0.004 -31"><span class='ocrx_word' id='word_1_4' title='bbox 348 364 366 417; x_wconf 66' lang='lat' dir='ltr'><strong>s</strong></span> <span class='ocrx_word' id='word_1_5' title='bbox 449 377 471 486; x_wconf 64' lang='lat' dir='ltr'><em>j</em></span> <span class='ocrx_word' id='word_1_6' title='bbox 577 389 581 396; x_wconf 82' lang='grc'><em>’</em></span> <span class='ocrx_word' id='word_1_7' title='bbox 619 420 642 469; x_wconf 60' lang='lat'><strong><em>0</em></strong></span> <span class='ocrx_word' id='word_1_8' title='bbox 666 405 697 462; x_wconf 75' lang='grc' dir='ltr'><em>κ</em></span> <span class='ocrx_word' id='word_1_9' title='bbox 715 377 885 494; x_wconf 87' lang='lat' dir='ltr'>proinde</span> <span class='ocrx_word' id='word_1_10' title='bbox 899 405 946 460; x_wconf 89' lang='lat' dir='ltr'><strong>ut</strong></span> <span class='ocrx_word' id='word_1_11' title='bbox 960 403 1243 473; x_wconf 81' lang='lat' dir='ltr'><strong>convertatur,</strong></span> <span class='ocrx_word' id='word_1_12' title='bbox 1259 399 1417 458; x_wconf 86' lang='lat' dir='ltr'><strong>tantum</strong></span> <span class='ocrx_word' id='word_1_13' title='bbox 1431 377 1622 487; x_wconf 86' lang='lat' dir='ltr'><strong>ponderis</strong></span> <span class='ocrx_word' id='word_1_14' title='bbox 1636 375 1734 466; x_wconf 82' lang='lat' dir='ltr'><strong>alre.</strong></span> 
     </span>
     <span class='ocr_line' id='line_1_3' title="bbox 673 489 1734 604; baseline 0.004 -26"><span class='ocrx_word' id='word_1_15' title='bbox 673 489 812 579; x_wconf 82' lang='lat' dir='ltr'><strong>ecesse</strong></span> <span class='ocrx_word' id='word_1_16' title='bbox 835 491 920 592; x_wconf 88' lang='lat' dir='ltr'><strong>est,</strong></span> <span class='ocrx_word' id='word_1_17' title='bbox 941 521 987 578; x_wconf 94' lang='lat' dir='ltr'><strong>ut</strong></span> <span class='ocrx_word' id='word_1_18' title='bbox 1008 521 1195 579; x_wconf 83' lang='lat' dir='ltr'><strong>centrum</strong></span> <span class='ocrx_word' id='word_1_19' title='bbox 1210 493 1417 604; x_wconf 82' lang='lat' dir='ltr'><strong>gravitatis</strong></span> <span class='ocrx_word' id='word_1_20' title='bbox 1431 490 1604 580; x_wconf 84' lang='lat' dir='ltr'><strong>omninb</strong></span> <span class='ocrx_word' id='word_1_21' title='bbox 1619 491 1734 582; x_wconf 79' lang='lat' dir='ltr'><strong>eadat</strong></span> 
     </span>
     <span class='ocr_line' id='line_1_4' title="bbox 734 605 1631 728; baseline -0.003 -32"><span class='ocrx_word' id='word_1_22' title='bbox 734 635 800 709; x_wconf 89' lang='lat' dir='ltr'><strong>m,</strong></span> <span class='ocrx_word' id='word_1_23' title='bbox 822 613 934 728; x_wconf 90' lang='lat' dir='ltr'><strong>quod</strong></span> <span class='ocrx_word' id='word_1_24' title='bbox 948 608 972 694; x_wconf 78' lang='lat' dir='ltr'><strong>d</strong></span> <span class='ocrx_word' id='word_1_25' title='bbox 987 607 1240 694; x_wconf 70' lang='lat' dir='ltr'><strong>contaetibus</strong></span> <span class='ocrx_word' id='word_1_26' title='bbox 1258 605 1631 722; x_wconf 82' lang='lat' dir='ltr'><strong>comprehenditur.</strong></span> 
     </span>
     <span class='ocr_line' id='line_1_5' title="bbox 734 721 1733 837; baseline 0 -27"><span class='ocrx_word' id='word_1_27' title='bbox 734 724 896 813; x_wconf 81' lang='lat' dir='ltr'><strong>riibrae</strong></span> <span class='ocrx_word' id='word_1_28' title='bbox 917 727 1142 825; x_wconf 77' lang='lat' dir='ltr'><strong>crassiores,</strong></span> <span class='ocrx_word' id='word_1_29' title='bbox 1164 737 1207 812; x_wconf 77' lang='lat' dir='ltr'><strong>dt</strong></span> <span class='ocrx_word' id='word_1_30' title='bbox 1220 727 1393 836; x_wconf 80' lang='lat' dir='ltr'><strong>majores</strong></span> <span class='ocrx_word' id='word_1_31' title='bbox 1409 727 1644 837; x_wconf 82' lang='lat' dir='ltr'><strong>ingentibus</strong></span> <span class='ocrx_word' id='word_1_32' title='bbox 1658 721 1733 810; x_wconf 88' lang='lat' dir='ltr'><strong>sar-</strong></span> 
     </span>
     <span class='ocr_line' id='line_1_6' title="bbox 631 840 1735 958; baseline 0.002 -32"><span class='ocrx_word' id='word_1_33' title='bbox 631 911 632 914; x_wconf 24' lang='lat'><strong>,</strong></span> <span class='ocrx_word' id='word_1_34' title='bbox 692 847 795 928; x_wconf 81' lang='lat' dir='ltr'><strong>erres</strong></span> <span class='ocrx_word' id='word_1_35' title='bbox 809 845 907 932; x_wconf 75' lang='lat' dir='ltr'><strong>fiant</strong></span> <span class='ocrx_word' id='word_1_36' title='bbox 920 847 1164 954; x_wconf 88' lang='lat' dir='ltr'><strong>admotum,</strong></span> <span class='ocrx_word' id='word_1_37' title='bbox 1182 840 1344 924; x_wconf 71' lang='lat' dir='ltr'><strong>etiamr}</strong></span> <span class='ocrx_word' id='word_1_38' title='bbox 1361 842 1529 926; x_wconf 82' lang='lat' dir='ltr'><strong>adnexis</strong></span> <span class='ocrx_word' id='word_1_39' title='bbox 1544 844 1735 958; x_wconf 84' lang='lat' dir='ltr'><strong>ponderi·</strong></span> 
     </span>
     <span class='ocr_line' id='line_1_7' title="bbox 562 951 1747 1078; baseline 0.007 -42"><span class='ocrx_word' id='word_1_40' title='bbox 562 1027 567 1036; x_wconf 94' lang='lat'>.</span> <span class='ocrx_word' id='word_1_41' title='bbox 594 965 958 1078; x_wconf 86' lang='lat' dir='ltr'><strong>rquotunciarum,</strong></span> <span class='ocrx_word' id='word_1_42' title='bbox 976 957 1196 1074; x_wconf 87' lang='lat' dir='ltr'><strong>aliquando</strong></span> <span class='ocrx_word' id='word_1_43' title='bbox 1210 951 1368 1041; x_wconf 77' lang='lat' dir='ltr'><strong>fortasse</strong></span> <span class='ocrx_word' id='word_1_44' title='bbox 1387 961 1509 1042; x_wconf 88' lang='lat' dir='ltr'><strong>etiam</strong></span> <span class='ocrx_word' id='word_1_45' title='bbox 1531 958 1747 1066; x_wconf 64' lang='lat' dir='ltr'><strong>librarum„</strong></span> 
     </span>
     <span class='ocr_line' id='line_1_8' title="bbox 434 1071 1740 1188; baseline -0.004 -25"><span class='ocrx_word' id='word_1_46' title='bbox 434 1121 440 1143; x_wconf 54' lang='grc' dir='ltr'><em>ι</em></span> <span class='ocrx_word' id='word_1_47' title='bbox 483 1101 577 1164; x_wconf 78' lang='lat' dir='ltr'><strong>itas.</strong></span> <span class='ocrx_word' id='word_1_48' title='bbox 615 1076 773 1163; x_wconf 72' lang='lat' dir='ltr'><strong>Contra</strong></span> <span class='ocrx_word' id='word_1_49' title='bbox 792 1071 890 1160; x_wconf 86' lang='lat' dir='ltr'><strong>verb</strong></span> <span class='ocrx_word' id='word_1_50' title='bbox 903 1073 1159 1171; x_wconf 69' lang='lat' dir='ltr'><strong>aurificibus«,</strong></span> <span class='ocrx_word' id='word_1_51' title='bbox 1176 1085 1216 1159; x_wconf 88' lang='lat'>&amp;</span> <span class='ocrx_word' id='word_1_52' title='bbox 1230 1077 1481 1184; x_wconf 85' lang='lat' dir='ltr'><strong>gemmariis,</strong></span> <span class='ocrx_word' id='word_1_53' title='bbox 1493 1073 1642 1188; x_wconf 87' lang='lat' dir='ltr'><strong>quibus</strong></span> <span class='ocrx_word' id='word_1_54' title='bbox 1659 1080 1740 1158; x_wconf 88' lang='lat' dir='ltr'><strong>mi·-</strong></span> 
     </span>
     <span class='ocr_line' id='line_1_9' title="bbox 421 1187 1736 1302; baseline -0.003 -22"><span class='ocrx_word' id='word_1_55' title='bbox 421 1203 494 1282; x_wconf 88' lang='lat' dir='ltr'><strong>tias</strong></span> <span class='ocrx_word' id='word_1_56' title='bbox 515 1221 778 1281; x_wconf 84' lang='lat' dir='ltr'><strong>contemnere</strong></span> <span class='ocrx_word' id='word_1_57' title='bbox 797 1195 947 1276; x_wconf 86' lang='lat' dir='ltr'><strong>damno</strong></span> <span class='ocrx_word' id='word_1_58' title='bbox 972 1187 1099 1288; x_wconf 83' lang='lat' dir='ltr'><strong>esset,</strong></span> <span class='ocrx_word' id='word_1_59' title='bbox 1125 1189 1245 1274; x_wconf 68' lang='lat' dir='ltr'><strong>valde</strong></span> <span class='ocrx_word' id='word_1_60' title='bbox 1270 1193 1429 1302; x_wconf 69' lang='lat' dir='ltr'><strong>exigua</strong></span> <span class='ocrx_word' id='word_1_61' title='bbox 1453 1187 1566 1273; x_wconf 84' lang='lat' dir='ltr'><strong>librae</strong></span> <span class='ocrx_word' id='word_1_62' title='bbox 1595 1197 1639 1274; x_wconf 91' lang='lat' dir='ltr'><strong>in</strong></span> <span class='ocrx_word' id='word_1_63' title='bbox 1660 1188 1736 1276; x_wconf 83' lang='lat' dir='ltr'><strong>usu</strong></span> 
     </span>
     <span class='ocr_line' id='line_1_10' title="bbox 361 1303 1738 1428; baseline -0.005 -29"><span class='ocrx_word' id='word_1_64' title='bbox 361 1310 477 1407; x_wconf 72' lang='lat' dir='ltr'><strong>suntt</strong></span> <span class='ocrx_word' id='word_1_65' title='bbox 497 1309 754 1428; x_wconf 72' lang='lat' dir='ltr'><strong>quippequae</strong></span> <span class='ocrx_word' id='word_1_66' title='bbox 767 1303 1013 1394; x_wconf 81' lang='lat' dir='ltr'><strong>subtiiissimo</strong></span> <span class='ocrx_word' id='word_1_67' title='bbox 1026 1335 1104 1390; x_wconf 78' lang='lat' dir='ltr'><strong>axe</strong></span> <span class='ocrx_word' id='word_1_68' title='bbox 1118 1331 1322 1388; x_wconf 69' lang='lat' dir='ltr'><strong>contente</strong></span> <span class='ocrx_word' id='word_1_69' title='bbox 1345 1303 1457 1402; x_wconf 89' lang='lat' dir='ltr'><strong>sunt,</strong></span> <span class='ocrx_word' id='word_1_70' title='bbox 1475 1315 1518 1390; x_wconf 75' lang='lat' dir='ltr'><strong>dt</strong></span> <span class='ocrx_word' id='word_1_71' title='bbox 1538 1304 1617 1392; x_wconf 90' lang='lat' dir='ltr'><strong>levi</strong></span> <span class='ocrx_word' id='word_1_72' title='bbox 1635 1311 1738 1420; x_wconf 83' lang='lat' dir='ltr'><strong>jugo</strong></span> 
     </span>
     <span class='ocr_line' id='line_1_11' title="bbox 363 1417 1796 1540; baseline -0.015 -24"><span class='ocrx_word' id='word_1_73' title='bbox 363 1427 575 1526; x_wconf 72' lang='lat' dir='ltr'><strong>constent,</strong></span> <span class='ocrx_word' id='word_1_74' title='bbox 595 1429 712 1540; x_wconf 87' lang='lat' dir='ltr'><strong>cujus</strong></span> <span class='ocrx_word' id='word_1_75' title='bbox 731 1428 917 1536; x_wconf 78' lang='lat' dir='ltr'><strong>gravitati</strong></span> <span class='ocrx_word' id='word_1_76' title='bbox 937 1420 1174 1536; x_wconf 64' lang='lat' dir='ltr'><strong>aequalis‘est</strong></span> <span class='ocrx_word' id='word_1_77' title='bbox 1188 1417 1436 1531; x_wconf 78' lang='lat' dir='ltr'><strong>singularum</strong></span> <span class='ocrx_word' id='word_1_78' title='bbox 1450 1419 1629 1508; x_wconf 82' lang='lat' dir='ltr'><strong>lancium</strong></span> <span class='ocrx_word' id='word_1_79' title='bbox 1644 1449 1737 1536; x_wconf 84' lang='lat' dir='ltr'><strong>gra.</strong></span> <span class='ocrx_word' id='word_1_80' title='bbox 1793 1445 1796 1452; x_wconf 59' lang='lat'><strong><em>¹</em></strong></span> 
     </span>
     <span class='ocr_line' id='line_1_12' title="bbox 360 1537 1738 1659; baseline -0.004 -29"><span class='ocrx_word' id='word_1_81' title='bbox 360 1550 465 1630; x_wconf 83' lang='lat' dir='ltr'><strong>vitas</strong></span> <span class='ocrx_word' id='word_1_82' title='bbox 483 1581 498 1630; x_wconf 76' lang='lat' dir='ltr'><strong>r</strong></span> <span class='ocrx_word' id='word_1_83' title='bbox 517 1571 641 1659; x_wconf 87' lang='lat' dir='ltr'><strong>quare</strong></span> <span class='ocrx_word' id='word_1_84' title='bbox 667 1569 762 1623; x_wconf 91' lang='lat' dir='ltr'><strong>cum</strong></span> <span class='ocrx_word' id='word_1_85' title='bbox 779 1569 867 1622; x_wconf 88' lang='lat' dir='ltr'><strong>nec</strong></span> <span class='ocrx_word' id='word_1_86' title='bbox 884 1540 1107 1623; x_wconf 84' lang='lat' dir='ltr'><strong>vehemens</strong></span> <span class='ocrx_word' id='word_1_87' title='bbox 1121 1537 1272 1650; x_wconf 83' lang='lat' dir='ltr'><strong>-preffio</strong></span> <span class='ocrx_word' id='word_1_88' title='bbox 1289 1541 1500 1648; x_wconf 83' lang='lat' dir='ltr'><strong>contingat</strong></span> <span class='ocrx_word' id='word_1_89' title='bbox 1519 1597 1531 1634; x_wconf 91' lang='lat'><strong>,</strong></span> <span class='ocrx_word' id='word_1_90' title='bbox 1559 1543 1738 1624; x_wconf 80' lang='lat' dir='ltr'><strong>necastis</strong></span> 
     </span>
     <span class='ocr_line' id='line_1_13' title="bbox 362 1651 1736 1766; baseline -0.007 -18"><span class='ocrx_word' id='word_1_91' title='bbox 362 1655 468 1748; x_wconf 82' lang='lat' dir='ltr'><strong>adeb</strong></span> <span class='ocrx_word' id='word_1_92' title='bbox 486 1661 620 1743; x_wconf 88' lang='lat' dir='ltr'><strong>tenuis</strong></span> <span class='ocrx_word' id='word_1_93' title='bbox 634 1654 755 1740; x_wconf 74' lang='lat' dir='ltr'><strong>facile</strong></span> <span class='ocrx_word' id='word_1_94' title='bbox 777 1653 948 1766; x_wconf 87' lang='lat' dir='ltr'><strong>angulos</strong></span> <span class='ocrx_word' id='word_1_95' title='bbox 962 1653 1172 1750; x_wconf 84' lang='lat' dir='ltr'><strong>admittat,</strong></span> <span class='ocrx_word' id='word_1_96' title='bbox 1187 1651 1422 1736; x_wconf 84' lang='lat' dir='ltr'><strong>exilioribus</strong></span> <span class='ocrx_word' id='word_1_97' title='bbox 1440 1651 1736 1756; x_wconf 76' lang='lat' dir='ltr'><strong>huju-smodiii-</strong></span> 
     </span>
     <span class='ocr_line' id='line_1_14' title="bbox 308 1766 1736 1884; baseline -0.006 -21"><span class='ocrx_word' id='word_1_98' title='bbox 308 1833 311 1844; x_wconf 39' lang='grc' dir='ltr'><strong><em>ι</em></strong></span> <span class='ocrx_word' id='word_1_99' title='bbox 364 1776 444 1862; x_wconf 89' lang='lat' dir='ltr'><strong>bris</strong></span> <span class='ocrx_word' id='word_1_100' title='bbox 463 1781 585 1860; x_wconf 82' lang='lat' dir='ltr'><strong>etiam</strong></span> <span class='ocrx_word' id='word_1_101' title='bbox 602 1775 770 1857; x_wconf 88' lang='lat' dir='ltr'><strong>minima</strong></span> <span class='ocrx_word' id='word_1_102' title='bbox 784 1771 1012 1884; x_wconf 82' lang='lat' dir='ltr'><strong>ponderum</strong></span> <span class='ocrx_word' id='word_1_103' title='bbox 1029 1766 1284 1882; x_wconf 70' lang='lat' dir='ltr'><strong>inequalitas</strong></span> <span class='ocrx_word' id='word_1_104' title='bbox 1293 1766 1548 1884; x_wconf 81' lang='lat' dir='ltr'><strong>exploratur,</strong></span> <span class='ocrx_word' id='word_1_105' title='bbox 1575 1771 1736 1855; x_wconf 78' lang='lat' dir='ltr'><strong>strate·-</strong></span> 
     </span>
     <span class='ocr_line' id='line_1_15' title="bbox 363 1884 1521 2008; baseline -0.018 -29"><span class='ocrx_word' id='word_1_106' title='bbox 363 1884 1012 2008; x_wconf 71' lang='lat' dir='ltr'><strong>rdquifuerinttiteconstrudae.</strong></span> <span class='ocrx_word' id='word_1_107' title='bbox 1518 1899 1521 1906; x_wconf 82' lang='grc'><strong>’</strong></span> 
     </span>
     <span class='ocr_line' id='line_1_16' title="bbox 424 1997 1738 2120; baseline -0.005 -28"><span class='ocrx_word' id='word_1_108' title='bbox 424 2011 481 2092; x_wconf 87' lang='lat' dir='ltr'><strong>At</strong></span> <span class='ocrx_word' id='word_1_109' title='bbox 499 2031 652 2120; x_wconf 81' lang='lat' dir='ltr'><strong>quaerat</strong></span> <span class='ocrx_word' id='word_1_110' title='bbox 665 2001 738 2086; x_wconf 82' lang='lat' dir='ltr'><strong>hic</strong></span> <span class='ocrx_word' id='word_1_111' title='bbox 754 1997 964 2117; x_wconf 87' lang='lat' dir='ltr'><strong>quispiam.</strong></span> <span class='ocrx_word' id='word_1_112' title='bbox 990 1997 1738 2118; x_wconf 80' lang='lat' dir='ltr'><strong>Proponiturlibra‚quevaeuaaequi-</strong></span> 
     </span>
     <span class='ocr_line' id='line_1_17' title="bbox 239 2115 1737 2235; baseline -0.006 -23"><span class='ocrx_word' id='word_1_113' title='bbox 239 2203 247 2212; x_wconf 92' lang='lat'><em>.</em></span> <span class='ocrx_word' id='word_1_114' title='bbox 358 2121 527 2210; x_wconf 82' lang='lat' dir='ltr'><strong>iibrium</strong></span> <span class='ocrx_word' id='word_1_115' title='bbox 543 2117 741 2216; x_wconf 90' lang='lat' dir='ltr'><strong>ostendit,</strong></span> <span class='ocrx_word' id='word_1_116' title='bbox 766 2147 843 2202; x_wconf 90' lang='lat' dir='ltr'><strong>nec</strong></span> <span class='ocrx_word' id='word_1_117' title='bbox 855 2121 913 2200; x_wconf 90' lang='lat' dir='ltr'><strong>ita</strong></span> <span class='ocrx_word' id='word_1_118' title='bbox 931 2119 1063 2230; x_wconf 81' lang='lat' dir='ltr'><strong>gravis</strong></span> <span class='ocrx_word' id='word_1_119' title='bbox 1082 2118 1162 2214; x_wconf 86' lang='lat' dir='ltr'><strong>est,</strong></span> <span class='ocrx_word' id='word_1_120' title='bbox 1181 2117 1290 2205; x_wconf 89' lang='lat' dir='ltr'><strong>utde</strong></span> <span class='ocrx_word' id='word_1_121' title='bbox 1312 2115 1506 2201; x_wconf 87' lang='lat' dir='ltr'><strong>validiore</strong></span> <span class='ocrx_word' id='word_1_122' title='bbox 1524 2123 1610 2202; x_wconf 85' lang='lat' dir='ltr'><strong>artis</strong></span> <span class='ocrx_word' id='word_1_123' title='bbox 1622 2117 1737 2235; x_wconf 71' lang='lat' dir='ltr'><strong>prus·</strong></span> 
     </span>
     <span class='ocr_line' id='line_1_18' title="bbox 364 2229 1738 2348; baseline -0.002 -25"><span class='ocrx_word' id='word_1_124' title='bbox 364 2238 475 2324; x_wconf 80' lang='lat' dir='ltr'><strong>sione</strong></span> <span class='ocrx_word' id='word_1_125' title='bbox 485 2235 715 2322; x_wconf 85' lang='lat' dir='ltr'><strong>dubitetur:</strong></span> <span class='ocrx_word' id='word_1_126' title='bbox 730 2237 1013 2348; x_wconf 89' lang='lat' dir='ltr'><strong>utinquitatut</strong></span> <span class='ocrx_word' id='word_1_127' title='bbox 1023 2295 1035 2332; x_wconf 89' lang='lat'><strong>,</strong></span> <span class='ocrx_word' id='word_1_128' title='bbox 1047 2229 1171 2348; x_wconf 69' lang='lat' dir='ltr'><strong>quim</strong></span> <span class='ocrx_word' id='word_1_129' title='bbox 1183 2229 1477 2317; x_wconf 71' lang='lat' dir='ltr'><strong>faciidmobiiis</strong></span> <span class='ocrx_word' id='word_1_130' title='bbox 1487 2232 1552 2320; x_wconf 72' lang='lat' dir='ltr'><strong>ilia</strong></span> <span class='ocrx_word' id='word_1_131' title='bbox 1562 2234 1622 2334; x_wconf 64' lang='lat' dir='ltr'><strong>stt,</strong></span> <span class='ocrx_word' id='word_1_132' title='bbox 1636 2235 1738 2320; x_wconf 80' lang='lat' dir='ltr'><strong>alte·</strong></span> 
     </span>
     <span class='ocr_line' id='line_1_19' title="bbox 365 2345 1744 2464; baseline -0.002 -25"><span class='ocrx_word' id='word_1_133' title='bbox 365 2359 398 2440; x_wconf 88' lang='lat' dir='ltr'><strong>ri</strong></span> <span class='ocrx_word' id='word_1_134' title='bbox 415 2353 521 2438; x_wconf 87' lang='lat' dir='ltr'><strong>lanei</strong></span> <span class='ocrx_word' id='word_1_135' title='bbox 536 2349 691 2464; x_wconf 82' lang='lat' dir='ltr'><strong>singula</strong></span> <span class='ocrx_word' id='word_1_136' title='bbox 705 2345 873 2434; x_wconf 86' lang='lat' dir='ltr'><strong>subinde</strong></span> <span class='ocrx_word' id='word_1_137' title='bbox 889 2375 1014 2462; x_wconf 82' lang='lat' dir='ltr'><strong>grana</strong></span> <span class='ocrx_word' id='word_1_138' title='bbox 1025 2345 1200 2434; x_wconf 71' lang='lat' dir='ltr'><strong>delicate</strong></span> <span class='ocrx_word' id='word_1_139' title='bbox 1220 2353 1511 2461; x_wconf 64' lang='lat' dir='ltr'><strong>imponentem,</strong></span> <span class='ocrx_word' id='word_1_140' title='bbox 1530 2377 1638 2464; x_wconf 83' lang='lat' dir='ltr'><strong>quot</strong></span> <span class='ocrx_word' id='word_1_141' title='bbox 1651 2349 1744 2436; x_wconf 77' lang='lat' dir='ltr'><strong>satis</strong></span> 
     </span>
     <span class='ocr_line' id='line_1_20' title="bbox 361 2461 1742 2584; baseline -0.004 -26"><span class='ocrx_word' id='word_1_142' title='bbox 361 2471 442 2558; x_wconf 82' lang='lat' dir='ltr'><strong>sint</strong></span> <span class='ocrx_word' id='word_1_143' title='bbox 459 2469 511 2556; x_wconf 91' lang='lat' dir='ltr'><strong>ad</strong></span> <span class='ocrx_word' id='word_1_144' title='bbox 529 2461 662 2584; x_wconf 79' lang='lat' dir='ltr'><strong>primi&gt;</strong></span> <span class='ocrx_word' id='word_1_145' title='bbox 678 2463 904 2550; x_wconf 82' lang='lat' dir='ltr'><strong>tollendum</strong></span> <span class='ocrx_word' id='word_1_146' title='bbox 923 2464 1215 2580; x_wconf 81' lang='lat' dir='ltr'><strong>aequilibtiunr‚</strong></span> <span class='ocrx_word' id='word_1_147' title='bbox 1231 2463 1320 2549; x_wconf 82' lang='lat' dir='ltr'><strong>tbm</strong></span> <span class='ocrx_word' id='word_1_148' title='bbox 1341 2462 1419 2547; x_wconf 72' lang='lat' dir='ltr'><strong>arta</strong></span> <span class='ocrx_word' id='word_1_149' title='bbox 1440 2463 1543 2548; x_wconf 66' lang='lat' dir='ltr'><strong>libri</strong></span> <span class='ocrx_word' id='word_1_150' title='bbox 1561 2471 1742 2552; x_wconf 73' lang='lat' dir='ltr'><strong>tenuiori</strong></span> 
     </span>
     <span class='ocr_line' id='line_1_21' title="bbox 363 2577 1742 2696; baseline -0.004 -24"><span class='ocrx_word' id='word_1_151' title='bbox 363 2592 640 2674; x_wconf 89' lang='lat' dir='ltr'><strong>examinatum</strong></span> <span class='ocrx_word' id='word_1_152' title='bbox 653 2603 871 2694; x_wconf 82' lang='lat' dir='ltr'><strong>granorum</strong></span> <span class='ocrx_word' id='word_1_153' title='bbox 880 2585 1064 2677; x_wconf 84' lang='lat' dir='ltr'><strong>omniurn</strong></span> <span class='ocrx_word' id='word_1_154' title='bbox 1078 2581 1238 2696; x_wconf 87' lang='lat' dir='ltr'><strong>pondus</strong></span> <span class='ocrx_word' id='word_1_155' title='bbox 1254 2583 1429 2695; x_wconf 71' lang='lat' dir='ltr'><strong>{rejesto</strong></span> <span class='ocrx_word' id='word_1_156' title='bbox 1441 2577 1586 2669; x_wconf 80' lang='lat' dir='ltr'><strong>uitirno</strong></span> <span class='ocrx_word' id='word_1_157' title='bbox 1598 2607 1742 2693; x_wconf 78' lang='lat' dir='ltr'><strong>grano,</strong></span> 
     </span>
     <span class='ocr_line' id='line_1_22' title="bbox 363 2691 1739 2819; baseline -0.006 -29"><span class='ocrx_word' id='word_1_158' title='bbox 363 2708 482 2819; x_wconf 80' lang='lat' dir='ltr'><strong>eujus</strong></span> <span class='ocrx_word' id='word_1_159' title='bbox 499 2701 706 2788; x_wconf 88' lang='lat' dir='ltr'><strong>additione</strong></span> <span class='ocrx_word' id='word_1_160' title='bbox 728 2691 862 2811; x_wconf 83' lang='lat' dir='ltr'><strong>primb</strong></span> <span class='ocrx_word' id='word_1_161' title='bbox 879 2695 982 2781; x_wconf 75' lang='lat' dir='ltr'><strong>frua</strong></span> <span class='ocrx_word' id='word_1_162' title='bbox 996 2697 1055 2782; x_wconf 87' lang='lat' dir='ltr'><strong>est</strong></span> <span class='ocrx_word' id='word_1_163' title='bbox 1074 2696 1184 2780; x_wconf 85' lang='lat' dir='ltr'><strong>librae</strong></span> <span class='ocrx_word' id='word_1_164' title='bbox 1204 2694 1442 2790; x_wconf 82' lang='lat' dir='ltr'><strong>inclinatio)</strong></span> <span class='ocrx_word' id='word_1_165' title='bbox 1458 2695 1739 2811; x_wconf 83' lang='lat' dir='ltr'><strong>deprehendi-</strong></span> 
     </span>
     <span class='ocr_line' id='line_1_23' title="bbox 364 2809 1741 2929; baseline -0.003 -25"><span class='ocrx_word' id='word_1_166' title='bbox 364 2847 431 2905; x_wconf 91' lang='lat' dir='ltr'><strong>tur</strong></span> <span class='ocrx_word' id='word_1_167' title='bbox 445 2823 574 2907; x_wconf 77' lang='lat' dir='ltr'><strong>unciae</strong></span> <span class='ocrx_word' id='word_1_168' title='bbox 589 2819 712 2900; x_wconf 86' lang='lat' dir='ltr'><strong>unius</strong></span> <span class='ocrx_word' id='word_1_169' title='bbox 725 2876 736 2914; x_wconf 90' lang='lat'><strong>,</strong></span> <span class='ocrx_word' id='word_1_170' title='bbox 748 2809 923 2928; x_wconf 84' lang='lat' dir='ltr'><strong>exempli</strong></span> <span class='ocrx_word' id='word_1_171' title='bbox 941 2811 1081 2924; x_wconf 71' lang='lat' dir='ltr'><strong>gratis.</strong></span> <span class='ocrx_word' id='word_1_172' title='bbox 1112 2815 1339 2929; x_wconf 79' lang='lat' dir='ltr'><strong>Qaeritur,</strong></span> <span class='ocrx_word' id='word_1_173' title='bbox 1356 2839 1430 2918; x_wconf 83' lang='lat' dir='ltr'><strong>au,</strong></span> <span class='ocrx_word' id='word_1_174' title='bbox 1448 2812 1619 2898; x_wconf 81' lang='lat' dir='ltr'><strong>fieidem</strong></span> <span class='ocrx_word' id='word_1_175' title='bbox 1633 2814 1741 2900; x_wconf 76' lang='lat' dir='ltr'><strong>lanes</strong></span> 
     </span>
     <span class='ocr_line' id='line_1_24' title="bbox 366 2924 1745 3050; baseline -0.004 -30"><span class='ocrx_word' id='word_1_176' title='bbox 366 2940 627 3050; x_wconf 87' lang='lat' dir='ltr'><strong>imponantur</strong></span> <span class='ocrx_word' id='word_1_177' title='bbox 654 2959 837 3024; x_wconf 86' lang='lat' dir='ltr'><strong>merces,</strong></span> <span class='ocrx_word' id='word_1_178' title='bbox 861 2939 904 3014; x_wconf 70' lang='grc' dir='ltr'><strong>ὅ(</strong></span> <span class='ocrx_word' id='word_1_179' title='bbox 929 2928 1119 3044; x_wconf 81' lang='lat' dir='ltr'><strong>opposrtae</strong></span> <span class='ocrx_word' id='word_1_180' title='bbox 1146 2927 1253 3012; x_wconf 79' lang='lat' dir='ltr'><strong>sanci</strong></span> <span class='ocrx_word' id='word_1_181' title='bbox 1270 2924 1451 3038; x_wconf 82' lang='lat' dir='ltr'><strong>legitima</strong></span> <span class='ocrx_word' id='word_1_182' title='bbox 1467 2928 1669 3042; x_wconf 76' lang='lat' dir='ltr'><strong>pondera,</strong></span> <span class='ocrx_word' id='word_1_183' title='bbox 1695 2931 1745 3014; x_wconf 82' lang='lat' dir='ltr'><strong>sit</strong></span> 
     </span>
     <span class='ocr_line' id='line_1_25' title="bbox 365 3042 1740 3166; baseline -0.006 -30"><span class='ocrx_word' id='word_1_184' title='bbox 365 3048 520 3166; x_wconf 86' lang='lat' dir='ltr'><strong>semper</strong></span> <span class='ocrx_word' id='word_1_185' title='bbox 534 3045 784 3132; x_wconf 86' lang='lat' dir='ltr'><strong>numeranda</strong></span> <span class='ocrx_word' id='word_1_186' title='bbox 799 3049 919 3128; x_wconf 89' lang='lat' dir='ltr'><strong>uncia</strong></span> <span class='ocrx_word' id='word_1_187' title='bbox 935 3075 1016 3128; x_wconf 88' lang='lat' dir='ltr'><strong>una</strong></span> <span class='ocrx_word' id='word_1_188' title='bbox 1029 3042 1200 3158; x_wconf 85' lang='lat' dir='ltr'><strong>amplius</strong></span> <span class='ocrx_word' id='word_1_189' title='bbox 1219 3069 1289 3139; x_wconf 88' lang='lat' dir='ltr'><strong>,ut</strong></span> <span class='ocrx_word' id='word_1_190' title='bbox 1306 3069 1448 3126; x_wconf 86' lang='lat' dir='ltr'><strong>verum</strong></span> <span class='ocrx_word' id='word_1_191' title='bbox 1469 3049 1614 3128; x_wconf 81' lang='lat' dir='ltr'><strong>mercis</strong></span> <span class='ocrx_word' id='word_1_192' title='bbox 1626 3076 1740 3159; x_wconf 86' lang='lat' dir='ltr'><strong>pon-</strong></span> 
     </span>
     <span class='ocr_line' id='line_1_26' title="bbox 364 3153 1742 3276; baseline -0.004 -25"><span class='ocrx_word' id='word_1_193' title='bbox 364 3163 694 3256; x_wconf 72' lang='lat' dir='ltr'><strong>dus‘habeaturt</strong></span> <span class='ocrx_word' id='word_1_194' title='bbox 724 3161 1058 3276; x_wconf 86' lang='lat' dir='ltr'><strong>quandoquidem</strong></span> <span class='ocrx_word' id='word_1_195' title='bbox 1078 3153 1377 3272; x_wconf 83' lang='lat' dir='ltr'><strong>deprehensum</strong></span> <span class='ocrx_word' id='word_1_196' title='bbox 1399 3157 1569 3244; x_wconf 84' lang='lat' dir='ltr'><strong>estnon</strong></span> <span class='ocrx_word' id='word_1_197' title='bbox 1590 3165 1742 3248; x_wconf 83' lang='lat' dir='ltr'><strong>mutari</strong></span> 
     </span>
     <span class='ocr_line' id='line_1_27' title="bbox 365 3279 1156 3398; baseline -0.01 -32"><span class='ocrx_word' id='word_1_198' title='bbox 365 3281 660 3398; x_wconf 66' lang='lat' dir='ltr'><strong>aequilibrium,</strong></span> <span class='ocrx_word' id='word_1_199' title='bbox 679 3281 751 3364; x_wconf 87' lang='lat' dir='ltr'><strong>nisr</strong></span> <span class='ocrx_word' id='word_1_200' title='bbox 766 3281 886 3360; x_wconf 88' lang='lat' dir='ltr'><strong>uncia</strong></span> <span class='ocrx_word' id='word_1_201' title='bbox 900 3279 1082 3386; x_wconf 84' lang='lat' dir='ltr'><strong>addatur.</strong></span> <span class='ocrx_word' id='word_1_202' title='bbox 1151 3331 1156 3344; x_wconf 33' lang='grc' dir='ltr'><strong>κ</strong></span> 
     </span>
     <span class='ocr_line' id='line_1_28' title="bbox 421 3391 1743 3512; baseline -0.005 -26"><span class='ocrx_word' id='word_1_203' title='bbox 421 3407 474 3486; x_wconf 87' lang='lat' dir='ltr'><strong>Ut</strong></span> <span class='ocrx_word' id='word_1_204' title='bbox 490 3395 702 3512; x_wconf 84' lang='lat' dir='ltr'><strong>quaestioni</strong></span> <span class='ocrx_word' id='word_1_205' title='bbox 730 3391 990 3488; x_wconf 69' lang='lat' dir='ltr'><strong>satisfaciam,</strong></span> <span class='ocrx_word' id='word_1_206' title='bbox 1010 3419 1205 3508; x_wconf 80' lang='lat' dir='ltr'><strong>tanquam</strong></span> <span class='ocrx_word' id='word_1_207' title='bbox 1223 3391 1611 3482; x_wconf 76' lang='lat' dir='ltr'><strong>certumstatuarnus</strong></span> <span class='ocrx_word' id='word_1_208' title='bbox 1629 3397 1743 3485; x_wconf 87' lang='lat' dir='ltr'><strong>banc</strong></span> 
     </span>
     <span class='ocr_line' id='line_1_29' title="bbox 363 3507 1741 3624; baseline -0.002 -24"><span class='ocrx_word' id='word_1_209' title='bbox 363 3511 475 3600; x_wconf 82' lang='lat' dir='ltr'><strong>librae</strong></span> <span class='ocrx_word' id='word_1_210' title='bbox 505 3515 693 3596; x_wconf 88' lang='lat' dir='ltr'><strong>inertiam</strong></span> <span class='ocrx_word' id='word_1_211' title='bbox 725 3539 809 3594; x_wconf 91' lang='lat' dir='ltr'><strong>non</strong></span> <span class='ocrx_word' id='word_1_212' title='bbox 834 3512 928 3592; x_wconf 90' lang='lat' dir='ltr'><strong>oriri</strong></span> <span class='ocrx_word' id='word_1_213' title='bbox 948 3537 1000 3592; x_wconf 85' lang='lat' dir='ltr'><strong>ex</strong></span> <span class='ocrx_word' id='word_1_214' title='bbox 1021 3508 1149 3597; x_wconf 69' lang='lat' dir='ltr'><strong>mults</strong></span> <span class='ocrx_word' id='word_1_215' title='bbox 1171 3513 1324 3624; x_wconf 83' lang='lat' dir='ltr'><strong>jugi&amp;</strong></span> <span class='ocrx_word' id='word_1_216' title='bbox 1342 3507 1741 3624; x_wconf 63' lang='lat' dir='ltr'><strong>lanciumtgnviute</strong></span> 
     </span>
     <span class='ocr_line' id='line_1_30' title="bbox 236 3623 1741 3744; baseline -0.003 -27"><span class='ocrx_word' id='word_1_217' title='bbox 236 3641 238 3646; x_wconf 82' lang='lat'>&#39;</span> <span class='ocrx_word' id='word_1_218' title='bbox 363 3659 482 3721; x_wconf 81' lang='lat' dir='ltr'><strong>axem</strong></span> <span class='ocrx_word' id='word_1_219' title='bbox 498 3653 708 3744; x_wconf 89' lang='lat' dir='ltr'><strong>premente</strong></span> <span class='ocrx_word' id='word_1_220' title='bbox 726 3659 738 3721; x_wconf 76' lang='lat'>3</span> <span class='ocrx_word' id='word_1_221' title='bbox 757 3625 785 3708; x_wconf 83' lang='lat' dir='ltr'><strong>si</strong></span> <span class='ocrx_word' id='word_1_222' title='bbox 805 3629 917 3710; x_wconf 88' lang='lat' dir='ltr'><strong>enim</strong></span> <span class='ocrx_word' id='word_1_223' title='bbox 934 3653 985 3710; x_wconf 85' lang='lat' dir='ltr'><strong>ex</strong></span> <span class='ocrx_word' id='word_1_224' title='bbox 1004 3623 1236 3740; x_wconf 89' lang='lat' dir='ltr'><strong>hujusmodi</strong></span> <span class='ocrx_word' id='word_1_225' title='bbox 1251 3624 1442 3738; x_wconf 75' lang='lat' dir='ltr'><strong>pressione</strong></span> <span class='ocrx_word' id='word_1_226' title='bbox 1456 3631 1648 3727; x_wconf 80' lang='lat' dir='ltr'><strong>oriretur,</strong></span> <span class='ocrx_word' id='word_1_227' title='bbox 1668 3629 1741 3714; x_wconf 86' lang='lat' dir='ltr'><strong>ad-</strong></span> 
     </span>
     <span class='ocr_line' id='line_1_31' title="bbox 363 3737 1745 3857; baseline -0.003 -21"><span class='ocrx_word' id='word_1_228' title='bbox 363 3744 459 3836; x_wconf 86' lang='lat' dir='ltr'><strong>ditis</strong></span> <span class='ocrx_word' id='word_1_229' title='bbox 477 3747 582 3830; x_wconf 89' lang='lat' dir='ltr'><strong>hinc</strong></span> <span class='ocrx_word' id='word_1_230' title='bbox 601 3753 643 3830; x_wconf 70' lang='grc' dir='ltr'><strong>δι</strong></span> <span class='ocrx_word' id='word_1_231' title='bbox 658 3744 756 3826; x_wconf 91' lang='lat' dir='ltr'><strong>hinc</strong></span> <span class='ocrx_word' id='word_1_232' title='bbox 776 3739 1028 3854; x_wconf 89' lang='lat' dir='ltr'><strong>ponderibus</strong></span> <span class='ocrx_word' id='word_1_233' title='bbox 1045 3737 1183 3828; x_wconf 85' lang='lat' dir='ltr'><strong>multb</strong></span> <span class='ocrx_word' id='word_1_234' title='bbox 1205 3744 1333 3852; x_wconf 87' lang='lat' dir='ltr'><strong>major</strong></span> <span class='ocrx_word' id='word_1_235' title='bbox 1353 3737 1470 3825; x_wconf 86' lang='lat' dir='ltr'><strong>fieret</strong></span> <span class='ocrx_word' id='word_1_236' title='bbox 1495 3743 1660 3857; x_wconf 82' lang='lat' dir='ltr'><strong>pressio,</strong></span> <span class='ocrx_word' id='word_1_237' title='bbox 1688 3775 1745 3832; x_wconf 83' lang='lat' dir='ltr'><strong>ex</strong></span> 
     </span>
     <span class='ocr_line' id='line_1_32' title="bbox 365 3855 1743 3980; baseline -0.001 -34"><span class='ocrx_word' id='word_1_238' title='bbox 365 3861 448 3980; x_wconf 74' lang='lat' dir='ltr'><strong>qud</strong></span> <span class='ocrx_word' id='word_1_239' title='bbox 464 3860 657 3946; x_wconf 89' lang='lat' dir='ltr'><strong>movendi</strong></span> <span class='ocrx_word' id='word_1_240' title='bbox 668 3855 882 3944; x_wconf 87' lang='lat' dir='ltr'><strong>difficultas</strong></span> <span class='ocrx_word' id='word_1_241' title='bbox 897 3860 1025 3972; x_wconf 88' lang='lat' dir='ltr'><strong>major</strong></span> <span class='ocrx_word' id='word_1_242' title='bbox 1034 3887 1261 3950; x_wconf 74' lang='lat' dir='ltr'><strong>crearetutt</strong></span> <span class='ocrx_word' id='word_1_243' title='bbox 1278 3867 1318 3942; x_wconf 76' lang='grc' dir='ltr'><strong>δι</strong></span> <span class='ocrx_word' id='word_1_244' title='bbox 1334 3856 1569 3944; x_wconf 75' lang='lat' dir='ltr'><strong>siminorum</strong></span> <span class='ocrx_word' id='word_1_245' title='bbox 1580 3861 1743 3976; x_wconf 76' lang='lat' dir='ltr'><strong>&#39;pressio-</strong></span> 
     </span>
     <span class='ocr_line' id='line_1_33' title="bbox 363 3967 1743 4092; baseline -0.003 -27"><span class='ocrx_word' id='word_1_246' title='bbox 363 3980 542 4065; x_wconf 84' lang='lat' dir='ltr'><strong>nemvix</strong></span> <span class='ocrx_word' id='word_1_247' title='bbox 563 3979 683 4058; x_wconf 91' lang='lat' dir='ltr'><strong>unius</strong></span> <span class='ocrx_word' id='word_1_248' title='bbox 701 3967 1022 4058; x_wconf 79' lang='lat' dir='ltr'><strong>unciaeexceffus</strong></span> <span class='ocrx_word' id='word_1_249' title='bbox 1039 3977 1193 4068; x_wconf 84' lang='lat' dir='ltr'><strong>vincit,</strong></span> <span class='ocrx_word' id='word_1_250' title='bbox 1214 3977 1356 4087; x_wconf 88' lang='lat' dir='ltr'><strong>utique</strong></span> <span class='ocrx_word' id='word_1_251' title='bbox 1370 3979 1563 4089; x_wconf 85' lang='lat' dir='ltr'><strong>majorem</strong></span> <span class='ocrx_word' id='word_1_252' title='bbox 1582 3977 1743 4092; x_wconf 76' lang='lat' dir='ltr'><strong>pressio-</strong></span> 
     </span>
     <span class='ocr_line' id='line_1_34' title="bbox 366 4081 1745 4207; baseline 0 -29"><span class='ocrx_word' id='word_1_253' title='bbox 366 4087 643 4178; x_wconf 86' lang='lat' dir='ltr'><strong>nemnonnisr</strong></span> <span class='ocrx_word' id='word_1_254' title='bbox 653 4087 830 4207; x_wconf 82' lang='lat' dir='ltr'><strong>piurium</strong></span> <span class='ocrx_word' id='word_1_255' title='bbox 851 4082 1252 4176; x_wconf 83' lang='lat' dir='ltr'><strong>unciarumexcessus</strong></span> <span class='ocrx_word' id='word_1_256' title='bbox 1265 4095 1429 4175; x_wconf 87' lang='lat' dir='ltr'><strong>vincere</strong></span> <span class='ocrx_word' id='word_1_257' title='bbox 1446 4081 1608 4205; x_wconf 83' lang='lat' dir='ltr'><strong>poterit.</strong></span> <span class='ocrx_word' id='word_1_258' title='bbox 1648 4093 1745 4179; x_wconf 87' lang='lat' dir='ltr'><strong>De·</strong></span> 
     </span>
     <span class='ocr_line' id='line_1_35' title="bbox 362 4201 1744 4321; baseline -0.002 -27"><span class='ocrx_word' id='word_1_259' title='bbox 362 4209 483 4294; x_wconf 83' lang='lat' dir='ltr'><strong>finire</strong></span> <span class='ocrx_word' id='word_1_260' title='bbox 509 4233 648 4292; x_wconf 76' lang='lat' dir='ltr'><strong>autem</strong></span> <span class='ocrx_word' id='word_1_261' title='bbox 676 4201 908 4319; x_wconf 83' lang='lat' dir='ltr'><strong>hujusmodi</strong></span> <span class='ocrx_word' id='word_1_262' title='bbox 927 4207 1167 4321; x_wconf 86' lang='lat' dir='ltr'><strong>preffionum</strong></span> <span class='ocrx_word' id='word_1_263' title='bbox 1185 4209 1294 4290; x_wconf 85' lang='lat' dir='ltr'><strong>‘vires</strong></span> <span class='ocrx_word' id='word_1_264' title='bbox 1309 4234 1468 4290; x_wconf 89' lang='lat' dir='ltr'><strong>motum</strong></span> <span class='ocrx_word' id='word_1_265' title='bbox 1489 4205 1598 4292; x_wconf 85' lang='lat' dir='ltr'><strong>librae</strong></span> <span class='ocrx_word' id='word_1_266' title='bbox 1613 4235 1744 4293; x_wconf 83' lang='lat' dir='ltr'><strong>tetar-</strong></span> 
     </span>
     <span class='ocr_line' id='line_1_36' title="bbox 361 4319 1744 4438; baseline -0.004 -24"><span class='ocrx_word' id='word_1_267' title='bbox 361 4327 527 4420; x_wconf 86' lang='lat' dir='ltr'><strong>dantes,</strong></span> <span class='ocrx_word' id='word_1_268' title='bbox 543 4347 644 4414; x_wconf 72' lang='lat' dir='ltr'><strong>tneae</strong></span> <span class='ocrx_word' id='word_1_269' title='bbox 660 4325 868 4407; x_wconf 82' lang='lat' dir='ltr'><strong>tenuitatis</strong></span> <span class='ocrx_word' id='word_1_270' title='bbox 885 4351 969 4405; x_wconf 89' lang='lat' dir='ltr'><strong>uon</strong></span> <span class='ocrx_word' id='word_1_271' title='bbox 991 4321 1071 4418; x_wconf 76' lang='lat' dir='ltr'><strong>est3</strong></span> <span class='ocrx_word' id='word_1_272' title='bbox 1094 4319 1250 4438; x_wconf 76' lang='lat' dir='ltr'><strong>quippe</strong></span> <span class='ocrx_word' id='word_1_273' title='bbox 1269 4327 1341 4436; x_wconf 92' lang='lat' dir='ltr'><strong>qui</strong></span> <span class='ocrx_word' id='word_1_274' title='bbox 1366 4321 1641 4408; x_wconf 81' lang='lat' dir='ltr'><strong>necdiviuare</strong></span> <span class='ocrx_word' id='word_1_275' title='bbox 1663 4353 1744 4408; x_wconf 81' lang='lat' dir='ltr'><strong>au-</strong></span> 
     </span>
     <span class='ocr_line' id='line_1_37' title="bbox 361 4436 1743 4552; baseline -0.003 -22"><span class='ocrx_word' id='word_1_276' title='bbox 361 4443 469 4537; x_wconf 90' lang='lat' dir='ltr'><strong>deo,</strong></span> <span class='ocrx_word' id='word_1_277' title='bbox 490 4468 567 4523; x_wconf 89' lang='lat' dir='ltr'><strong>uec</strong></span> <span class='ocrx_word' id='word_1_278' title='bbox 587 4467 739 4524; x_wconf 86' lang='lat' dir='ltr'><strong>certam</strong></span> <span class='ocrx_word' id='word_1_279' title='bbox 757 4441 955 4522; x_wconf 85' lang='lat' dir='ltr'><strong>rationem</strong></span> <span class='ocrx_word' id='word_1_280' title='bbox 968 4437 1181 4552; x_wconf 80' lang='lat' dir='ltr'><strong>pressiones</strong></span> <span class='ocrx_word' id='word_1_281' title='bbox 1200 4436 1284 4520; x_wconf 86' lang='lat' dir='ltr'><strong>illas</strong></span> <span class='ocrx_word' id='word_1_282' title='bbox 1300 4437 1540 4524; x_wconf 87' lang='lat' dir='ltr'><strong>dimetiendi</strong></span> <span class='ocrx_word' id='word_1_283' title='bbox 1560 4443 1743 4526; x_wconf 70' lang='lat' dir='ltr'><strong>invenio</strong></span> 
     </span>
     <span class='ocr_line' id='line_1_38' title="bbox 361 4549 1902 4670; baseline -0.001 -26"><span class='ocrx_word' id='word_1_284' title='bbox 361 4553 470 4644; x_wconf 84' lang='lat' dir='ltr'><strong>Illud</strong></span> <span class='ocrx_word' id='word_1_285' title='bbox 489 4557 615 4667; x_wconf 84' lang='lat' dir='ltr'><strong>igitur</strong></span> <span class='ocrx_word' id='word_1_286' title='bbox 639 4553 844 4670; x_wconf 82' lang='lat' dir='ltr'><strong>reliquum</strong></span> <span class='ocrx_word' id='word_1_287' title='bbox 872 4553 959 4652; x_wconf 87' lang='lat' dir='ltr'><strong>est,</strong></span> <span class='ocrx_word' id='word_1_288' title='bbox 978 4549 1128 4639; x_wconf 71' lang='lat' dir='ltr'><strong>seciusd</strong></span> <span class='ocrx_word' id='word_1_289' title='bbox 1152 4554 1370 4670; x_wconf 74' lang='lat' dir='ltr'><strong>pressione,</strong></span> <span class='ocrx_word' id='word_1_290' title='bbox 1390 4550 1613 4669; x_wconf 76' lang='lat' dir='ltr'><strong>qudd&#39;axis</strong></span> <span class='ocrx_word' id='word_1_291' title='bbox 1636 4585 1743 4641; x_wconf 73' lang='lat' dir='ltr'><strong>eon-</strong></span> <span class='ocrx_word' id='word_1_292' title='bbox 1901 4619 1902 4648; x_wconf 63' lang='lat'><strong>,</strong></span> 
     </span>
     <span class='ocr_line' id='line_1_39' title="bbox 333 4663 1796 4790; baseline -0.007 -23"><span class='ocrx_word' id='word_1_293' title='bbox 333 4667 337 4683; x_wconf 76' lang='grc'><strong>’</strong></span> <span class='ocrx_word' id='word_1_294' title='bbox 361 4673 491 4789; x_wconf 60' lang='lat' dir='ltr'><strong>padus</strong></span> <span class='ocrx_word' id='word_1_295' title='bbox 510 4699 597 4760; x_wconf 88' lang='lat' dir='ltr'><strong>non</strong></span> <span class='ocrx_word' id='word_1_296' title='bbox 619 4663 856 4760; x_wconf 80' lang='lat' dir='ltr'><strong>omninbio</strong></span> <span class='ocrx_word' id='word_1_297' title='bbox 875 4672 1001 4764; x_wconf 78' lang='lat' dir='ltr'><strong>unito</strong></span> <span class='ocrx_word' id='word_1_298' title='bbox 1010 4667 1199 4790; x_wconf 65' lang='lat' dir='ltr'><strong>pundo,</strong></span> <span class='ocrx_word' id='word_1_299' title='bbox 1224 4665 1354 4760; x_wconf 86' lang='lat' dir='ltr'><strong>sedin</strong></span> <span class='ocrx_word' id='word_1_300' title='bbox 1375 4667 1562 4786; x_wconf 88' lang='lat' dir='ltr'><strong>pluribus</strong></span> <span class='ocrx_word' id='word_1_301' title='bbox 1581 4669 1677 4768; x_wconf 81' lang='lat' dir='ltr'><strong>fiat,</strong></span> <span class='ocrx_word' id='word_1_302' title='bbox 1693 4701 1749 4767; x_wconf 85' lang='lat' dir='ltr'><strong>at:</strong></span> <span class='ocrx_word' id='word_1_303' title='bbox 1793 4667 1796 4674; x_wconf 83' lang='grc'>’</span> 
     </span>
     <span class='ocr_line' id='line_1_40' title="bbox 682 4813 1751 4904; baseline -0.002 -30"><span class='ocrx_word' id='word_1_304' title='bbox 682 4819 685 4826; x_wconf 93' lang='grc'><strong><em>·</em></strong></span> <span class='ocrx_word' id='word_1_305' title='bbox 745 4849 752 4860; x_wconf 88' lang='grc'>-</span> <span class='ocrx_word' id='word_1_306' title='bbox 1513 4845 1514 4848; x_wconf 21' lang='lat'>¹</span> <span class='ocrx_word' id='word_1_307' title='bbox 1527 4813 1751 4904; x_wconf 74' lang='lat' dir='ltr'><strong>propterea</strong></span> 
     </span>
    </p>
   </div>
   <div class='ocr_carea' id='block_1_2' title="bbox 0 0 1908 5253">
    <p class='ocr_par' dir='ltr' id='par_1_2' title="bbox 0 0 1908 5253">
     <span class='ocr_line' id='line_1_41' title="bbox 0 0 1908 5253; baseline 0 0"><span class='ocrx_word' id='word_1_308' title='bbox 0 0 1908 5253; x_wconf 95' lang='lat' dir='ltr'><strong> </strong></span> 
     </span>
    </p>
   </div>
  </div>
 </body>
</html>
