3708 5274
368 232 479 342 620
659 327 664 337 .
776 254 779 262 ·
850 209 1270 340 Mecbunlcorum

217 483 222 492 ¹
280 389 284 407 '
344 391 530 502 tignum
544 377 675 499 ipsum
701 375 978 480 imbecillum,
1003 377 1169 494 vimque
1188 380 1397 489 gravitatis
1419 373 1612 487 lirspenlae
1638 376 1738 469 ferie

358 533 446 590 non
457 500 620 598 valens,
641 497 894 609 frangeretur
920 521 933 582 r
956 500 1096 604 Quare
1112 522 1372 607 nemagnunr
1388 491 1661 582 indiscrimen
1679 525 1738 580 res
1850 539 1851 542 κ

356 619 612 712 adducatur,
631 623 672 700 δι
686 613 738 698 ad
751 608 978 728 periculum
1000 639 1124 694 omne
1142 605 1489 710 submovendum,
1508 641 1561 695 tre
1578 610 1738 696 institu-

358 759 424 818 rus
439 761 574 820 motus
595 733 807 844 repentina
830 723 1042 812 retinaculi
1052 723 1298 840 abruptione
1312 724 1602 825 intercidatur,
1616 753 1738 842 atque

354 877 406 938 ut
419 847 567 950 certi'lts
578 845 675 958 eligi
695 843 829 964 poffit,
848 848 1010 938 cuinam
1020 837 1261 954 potilfimlrm
1270 847 1428 958 corpori
1452 846 1596 954 (tigno
1606 869 1663 924 ne
1671 871 1740 956 pa·

358 970 452 1052 rieai
482 953 610 1048 infixo
637 986 650 1044 r
683 991 733 1044 au
756 985 944 1056 antennae
967 960 1108 1046 erctla't
1128 960 1180 1051 a)
1219 959 1502 1044 concredenda
1530 956 1579 1040 fit
1604 959 1736 1042 oneris
1851 1018 1852 1058 ,

358 1077 594 1166 sustentatio
614 1137 627 1176 ,
654 1077 922 1160 machinatori
948 1072 1104 1156 attente
1123 1069 1419 1186 dispiciendum
1439 1073 1499 1158 est
1515 1135 1526 1170 ,
1543 1101 1738 1187 quantam
1851 1103 1852 1176 3

359 1201 445 1282 rim
461 1195 692 1294 tlunoneris
706 1187 1006 1301 gravitas,thm
1015 1195 1207 1303 potentiae
1219 1217 1388 1273 conatus
1398 1217 1588 1272 exerceat
1598 1189 1737 1272 adver·
1851 1259 1852 1274 ,

360 1309 426 1399 slis
452 1305 679 1420 hujusmodi
700 1304 983 1388 retinaculum.
1027 1307 1241 1418 Propterea
1254 1309 1339 1387 vim
1356 1304 1473 1402 istam
1486 1302 1644 1418 placuit
1661 1306 1739 1388 hoc
1851 1321 1852 1374 s

358 1429 494 1540 capite
518 1421 769 1516 examinare,
791 1449 836 1503 ut
858 1449 1002 1521 catera
1025 1417 1163 1521 secure
1185 1417 1347 1502 deliniri
1362 1418 1535 1518 >saltant
1573 1429 1628 1508 Ut
1639 1415 1736 1502 verri

354 1539 606 1638 brevitati&
620 1533 891 1655 perspicuitati
899 1530 1147 1632 consulatur,
1162 1524 1429 1620 retinaculum
1445 1535 1526 1620 hoc
1538 1563 1737 1648 ponamus

353 1651 440 1742 'elle
460 1655 620 1742 clavum
632 1715 644 1749 ,
658 1679 707 1736 ex
721 1683 804 1765 quo
815 1650 1007 1738 trochleae
1022 1677 1254 1735 cumonere
1267 1647 1736 1758 suspensodependeantr

353 1799 452 1888 ,qua
466 1770 638 1857 eninide
650 1763 1226 1884 hujufir'rodiclavodicentur,
1243 1763 1363 1850 facile
1380 1767 1590 1850 adeaetera
1603 1766 1738 1850 tradu

362 1893 402 1972 ei
427 1913 628 1997 poterunt.
926 1905 929 1920 '

419 2005 472 2086 Et
483 1995 658 2116 primhli
676 1991 948 2080 trochlearum
964 1993 1071 2078 funis
1082 1993 1368 2109 perorbiculos
1381 1992 1458 2078 rite
1469 1996 1738 2110 trajestusde·
1852 2103 1853 2108 Ν

359 2147 474 2204 mum
487 2115 555 2202 sul
567 2118 820 2202 extremitate
834 2115 877 2194 in
893 2111 1044 2194 nodum
1058 2107 1284 2224 colligatur,
1300 2139 1352 2196 ue
1366 2141 1581 2199 excurrere
1593 2110 1737 2211 valeat,
1852 2109 1853 2132 ¹

362 2259 489 2318 totam
503 2259 626 2346 atque
638 2234 837 2342 integram
855 2232 989 2310 oneris
1006 2225 1271 2338 gravitatem(
1288 2227 1546 2312 trochleas&
1561 2225 1738 2312 fituemtl

361 2347 431 2434 sul
445 2347 562 2430 insiti
580 2349 775 2459 gravitate
795 2371 909 2432 nune
919 2343 1087 2456 quidem
1110 2371 1248 2428 mente
1271 2341 1547 2438 secernamus)
1570 2339 1737 2443 alciato,

360 2493 414 2550 ex
428 2493 511 2579 quo
526 2460 718 2546 trochleae
730 2455 1036 2570 suspenduntur,
1049 2463 1212 2543 retineri
1223 2455 1577 2542 dubiumellenon
1586 2459 1735 2572 purellr

331 2587 334 2596 ’
360 2578 468 2666 nihil
484 2576 593 2662 aliud
609 2574 759 2690 quippe
778 2571 912 2670 adest,
931 2572 1121 2659 advertiis
1136 2575 1248 2688 quod
1262 2575 1450 2686 ponderis
1474 2579 1653 2685 gravitas
1669 2576 1738 2659 de·

360 2689 541 2780 orsumse
553 2687 634 2806 ipsa
650 2717 797 2798 urgens
808 2685 1053 2772 connitatur.
1082 2689 1287 2772 Deindesr
1299 2687 1585 2796 funisdustarij
1602 2717 1736 2804 caput,

361 2811 474 2928 quod
493 2811 670 2914 potentia
683 2805 841 2890 trahere
857 2797 969 2886 solita
985 2802 1055 2899 est,
1074 2803 1261 2916 alligetur
1278 2801 1371 2902 lolo,
1382 2831 1453 2888 aut
1468 2805 1632 2916 ingenti
1648 2805 1737 2892 laxo

258 2969 262 2978 Δ
338 2918 585 3040 ,Ιοηςίίΐιηιὲ
605 2917 806 3034 graviori,
823 2913 947 3030 quim
974 2917 1134 3032 pondus
1158 2917 1411 3028 suspensum,
1430 2925 1574 3035 utique
1602 2943 1737 3036 neque

361 3037 499 3128 saxum
516 3036 617 3122 illud
632 3034 812 3151 subjetlae
826 3031 960 3118 telluri
972 3031 1226 3132 incumbens,
1238 3063 1371 3151 neque
1381 3033 1499 3120 tellus
1511 3032 1607 3148 ipsa,
1621 3043 1734 3152 quift

361 3152 472 3273 piam
492 3157 640 3238 vitium
663 3177 853 3236 exercent
872 3147 1064 3238 adverslts
1081 3151 1265 3264 pondus,
1292 3155 1359 3234 cui
1378 3147 1503 3235 solitrn
1528 3147 1595 3234 suti
1612 3152 1734 3264 longi

362 3273 505 3380 majori
517 3271 714 3382 gravitate
728 3263 1165 3364 resistuntFormalitor,
1176 3295 1260 3350 non
1272 3261 1370 3350 veto
1384 3265 1666 3382 Atlivetquia
1679 3277 1738 3352 ni-

361 3389 512 3475 mirum
527 3383 687 3468 nullum
704 3380 888 3466 efficiunt
905 3381 1123 3494 impetum,
1140 3411 1228 3494 'quo
1241 3377 1477 3466 destensum
1493 3382 1736 3480 molianturr

361 3533 411 3588 ac
428 3495 636 3609 proindeal
657 3497 772 3582 clavo
793 3492 875 3580 solo
899 3497 1062 3608 pondus
1083 3495 1274 3580 trochleis
1287 3499 1494 3582 adnexum
1509 3496 1736 3600 sustinetur,

364 3628 409 3707 ht
424 3615 550 3702 solum
562 3616 720 3731 pondus
733 3610 892 3696 clavum
901 3609 1089 3698 deorsum
1103 3611 1270 3696 trahere·
1280 3641 1461 3697 conatur.

423 3736 481 3818 At
495 3731 595 3816 vero
615 3730 643 3813 fi
663 3727 948 3840 funisdutlarij
969 3731 1209 3812 extremitati
1226 3729 1463 3812 adneetatur
1475 3729 1551 3816 alia
1564 3738 1736 3846 gravitas

362 3877 437 3968 pro
456 3844 728 3932 trochlearum
743 3845 921 3934 Ratione
936 3839 1178 3960 respondens
1247 3843 1383 3930 nderis
1400 3851 1610 3957 gravitati,
1624 3854 1680 3934 ita
1694 3879 1739 3934 ut

362 3963 583 4082 aequalibus
595 3961 809 4046 momentis
823 3985 1022 4044 certantes
1033 3959 1160 4056 ambae
1176 3871 1367 4074 liipensrr
1380 3961 1611 4063 consistant,
1626 3969 1737 4050 u'tta-

363 4111 445 4198 que
459 4083 631 4192 gravitas
653 4071 807 4160 collatis
824 4072 976 4159 viribus
994 4071 1156 4162 clavum
1171 4078 1333 4162 trahere
1357 4105 1550 4178 conatur,
1567 4108 1739 4198 utraque

361 4195 476 4284 enirn
488 4190 673 4286 deorsum
690 4187 939 4276 connititur:
963 4201 1006 4277 &
1026 4186 1124 4278 iderl
1140 4219 1222 4276 tam
1239 4187 1418 4278 validum
1435 4191 1553 4280 statui
1578 4195 1740 4284 clavum

231 4360 276 4418 ,N
365 4338 549 4430 oportet,
561 4336 608 4394 ut
624 4303 829 4422 utriusque
849 4311 1056 4416 gravitatis
1072 4335 1266 4394 conatum
1282 4308 1385 4396 ferre
1400 4309 1542 4398 valeat.
1567 4313 1615 4398 Id
1627 4315 1741 4427 quod

284 4422 288 4428 ’
361 4427 494 4514 multo
504 4428 632 4538 magis
644 4419 1019 4523 observandurnest,
1031 4423 1196 4540 quando
1206 4423 1380 4538 gravitas
1389 4425 1549 4513 adnexa
1560 4455 1741 4544 praepon·

363 4544 602 4635 deransvim
613 4538 737 4626 infert
747 4538 1068 4656 oneri,illt'tdque
1078 4537 1228 4626 sursum
1241 4543 1382 4636 trahitt
1392 4539 1474 4658 ipsa
1487 4537 1639 4628 scilicet
1651 4573 1741 4658 gra·

364 4655 469 4763 ritas
477 4654 569 4775 plus
578 4653 804 4746 conaturin
814 4683 944 4762 motu,
958 4651 1083 4772 quim
1093 4659 1138 4744 in
1149 4653 1462 4775 aequilibriorac
1469 4674 1741 4777 propterea&

1548 4805 1741 4894 potentur
