3918 5262
568 213 726 332 Liber
728 221 935 378 primus.
967 210 1180 334 'CAPuT
1202 220 1271 328 ll.
1536 224 1600 332 1²1

227 409 371 500 praeter
388 407 515 496 quam
531 379 685 494 quodsi
708 411 792 464 non
805 379 966 466 valebat
983 378 1208 493 subjedurn
1220 388 1356 462 a'e'rem
1371 371 1608 480 distrahere,

227 494 362 582 multd
386 495 523 580 minias
550 496 593 581 id
612 499 657 580 in
682 497 934 609 hydrargyro
959 497 1141 613 praestare
1165 491 1330 612 potest,
1359 519 1405 576 ut
1431 520 1609 584 vacuum
1645 519 1649 524 ’

229 641 421 698 evitetur.
1592 679 1595 686 .

284 732 343 814 At
365 787 378 826 ,
401 730 570 840 inquis,
600 723 775 812 fistulam
795 725 1160 843 quadricubitalem
1180 722 1319 839 spiritu
1338 729 1425 812 vini
1444 725 1608 840 plenam

225 871 324 929 cum
356 839 526 955 globulo
559 843 770 926 innatante
801 845 829 926 sr
855 841 1072 942 clauseris,
1099 854 1142 929 ἃ
1167 845 1378 926 inverteris
1404 841 1607 941 deorsum,

217 955 417 1046 ascendet
430 953 619 1068 globulus
631 952 755 1073 spatio
773 992 853 1044 200
878 958 1154 1042 vibrationum
1168 955 1445 1073 perpendiculi
1455 990 1466 1049 3
1480 962 1524 1040 in
1534 956 1605 1042 ed·

216 1069 437 1158 .dem'verb
459 1071 1124 1188 fistulacommunis‚&s1mplicis
1146 1101 1259 1187 aquae
1271 1069 1393 1187 plend
1415 1069 1606 1156 ascendet

215 1179 430 1302 'subduplo
444 1213 626 1302 tempore
647 1219 725 1274 roo
751 1188 1039 1274 vibrationum.
1067 1193 1156 1274 Cur
1168 1189 1248 1273 boc
1263 1186 1367 1272 r‘nisr
1381 1193 1478 1302 quia
1499 1194 1606 1304 aqua

223 1331 272 1386 ut
283 1331 380 1419 pote
393 1308 552 1415 gravior
566 1301 739 1389 validius
750 1305 931 1392 extrudit
945 1301 1158 1417 globulum
1169 1365 1179 1400 ‚
1192 1298 1315 1417 qualrn
1332 1299 1489 1418 spiritus
1506 1307 1604 1387 vini

221 1416 532 1503 Nihilominus:
554 1418 583 1501 fi
603 1427 741 1532 gravia
752 1430 795 1503 in
809 1420 969 1505 levibus
988 1426 1116 1532 magis
1128 1423 1409 1530 gravitant,&
1424 1415 1606 1506 velocius

224 1530 503 1632 descendunt,
518 1528 607 1648 qud
631 1540 759 1649 major
772 1535 831 1622 est
852 1533 1129 1651 specificatum
1146 1545 1391 1648 gravitatum
1404 1529 1604 1618 differen-

221 1651 281 1730 tia
304 1681 317 1742 3
339 1649 506 1733 vicissim
531 1649 637 1733 levia
668 1654 711 1732 in
736 1650 927 1766 gravibus
954 1654 1083 1765 magis
1110 1649 1314 1748 levitant,
1349 1659 1391 1734 δι
1423 1646 1606 1734 velocibs

221 1759 471 1864 ascendunt,
515 1759 572 1848 ud
584 1769 712 1880 major
726 1767 786 1850 est
796 1763 1019 1853 secundum
1036 1764 1209 1882 speciem
1228 1764 1400 1850 levitatis
1412 1760 1606 1848 differen-

218 1881 282 1962 tia
302 1916 312 1960 r
338 1881 468 1995 Atqui
484 1793 514 1962 s
528 1882 746 1976 iritusuini
762 1885 891 1994 magis
903 1883 1063 1967 accedit
1080 1885 1130 1966 ad
1143 1879 1370 1996 specificam
1389 1879 1603 1965 levitatem

218 1997 443 2077 innatantia
462 1909 642 2105 gsdbuli3
668 2025 773 2111 aqua
793 2025 931 2081 autem
955 2001 1084 2112 magis
1103 1995 1242 2080 differt
1259 2031 1270 2090 3
1291 2001 1334 2079 in
1350 1993 1456 2108 aquai
1476 1999 1603 2106 igitur

219 2104 414 2218 globulus
428 2113 557 2222 magis
571 2107 732 2210 levitat,
746 2123 788 2198 ὅ(
802 2111 981 2198 velocius
995 2111 1195 2209 ascendit,
1212 2111 1314 2194 srcut
1328 2111 1426 2224 lapis
1446 2113 1491 2192 in
1508 2121 1602 2195 a'e're

221 2221 405 2309 velocius
431 2223 643 2310 descendit
664 2221 795 2340 quim
812 2233 855 2310 in
874 2257 998 2342 aqua,
1013 2231 1137 2312 autin
1150 2225 1281 2311 melle.
1457 2318 1462 2332 x

283 2339 415 2424 Addis
431 2343 590 2425 iterum.
623 2346 767 2428 Vitreo
777 2339 962 2444 vasculo,
977 2347 1043 2426 cui
1063 2343 1225 2456 longior
1239 2338 1369 2426 fistula
1383 2337 1599 2441 adhaereat,

220 2453 411 2540 fomitem
432 2485 528 2538 cum
556 2454 625 2538 filo
653 2453 887 2572 sulphurato
901 2485 979 2572 ope
997 2457 1055 2544 fili
1069 2457 1189 2544 ferrei
1208 2461 1372 2570 ingere,
1388 2485 1434 2539 ut
1450 2462 1602 2542 vitrum

219 2595 366 2683 tangat
380 2607 390 2652 :
406 2598 538 2655 totum
554 2569 677 2685 imple
691 2573 964 2686 hydrargyro,
990 2569 1240 2659 &converso
1260 2565 1442 2656 deorsum
1461 2571 1599 2657 ol'cnlo

219 2682 434 2770 descendit
447 2685 719 2799 hydrargyrus
728 2723 740 2782 3
754 2717 877 2803 atque
894 2685 1065 2774 subsistit
1084 2693 1127 2772 in
1142 2687 1355 2774 altitudine
1372 2687 1527 2786 cubiti,
1556 2692 1599 2776 dt

219 2802 654 2915 quadrantiszadmotd
664 2803 830 2891 lucernas
844 2809 996 2918 vittati]
1021 2808 1173 2889 vitrum
1196 2803 1354 2888 calefiat
1365 2835 1381 2898 ·,
1403 2829 1449 2885 ut
1470 2802 1600 2888 fornes

221 2947 322 3000 curn
346 2915 416 3000 filo
444 2911 679 3032 sulphurato
703 2921 951 3004 accendatur
976 2955 985 3000 :
1011 2915 1600 3015 fumusdescendit,necnis1

219 3057 362 3146 aperto
376 3029 577 3147 superiore
590 3033 690 3118 valis
710 3032 848 3118 osculo
861 3031 1059 3131 ascendit,
1074 3046 1167 3118 abre
1181 3031 1372 3118 videlicet
1382 3031 1597 3132 subeunte,

223 3144 345 3262 dquo
354 3147 593 3232 extrudatur
605 3145 767 3235 sursum.
794 3154 919 3261 Nego
933 3149 1093 3232 fumum
1109 3149 1160 3234 ab
1177 3162 1277 3232 ae're
1292 3144 1443 3231 sursum
1456 3158 1598 3231 extrn‘·

220 3263 294 3360 di,
317 3258 385 3348 sed
410 3267 482 3378 qui
505 3269 667 3375 gravior
687 3261 827 3378 spiritu
847 3295 935 3348 raro
951 3269 1138 3379 mercurij
1163 3269 1207 3348 in
1225 3261 1296 3347 illo
1313 3261 1597 3366 descendebat,

219 3376 295 3463 ubi
306 3389 445 3464 a'e'rem
458 3385 589 3490 tangit
600 3408 669 3479 ,ut
678 3407 775 3496 pote
786 3382 914 3466 levior
922 3385 965 3464 in
981 3379 1050 3464 illo
1062 3377 1255 3464 ascendit.

281 3497 384 3578 Non
403 3493 528 3578 ausrm
542 3522 678 3579 tamen
692 3497 901 3611 inlepide,
916 3502 987 3610 qui
1000 3501 1241 3606 ‚gravitatem
1256 3497 1299 3578 in
1311 3489 1416 3609 aqud
1430 3503 1470 3580 δι
1488 3505 1595 3593 adro,

219 3609 430 3720 levitatem
446 3614 488 3692 in
500 3615 723 3714 mercurio,
736 3639 806 3694 aut
818 3612 991 3724 plumbo
1003 3613 1186 3723 liquente
1201 3609 1372 3706 obtinet,
1388 3608 1595 3724 duplicem

221 3725 623 3823 statuere-virtutem,
647 3755 819 3840 quarum
831 3727 954 3810 altera
969 3724 1119 3810 surium
1131 3787 1141 3823 ,
1155 3726 1277 3809 altera
1287 3724 1472 3810 deorsum
1488 3754 1590 3808 con-

218 3845 396 3924 nitatur:
410 3841 640 3946 Cumenim
653 3847 826 3956 impetus
838 3871 996 3926 motum
1010 3841 1189 3926 efficiens
1215 3847 1287 3938 (ut
1311 3835 1416 3924 infrd
1432 3835 1591 3922 consta-

219 3955 304 4050 bit)
322 3951 499 4067 ejusdem
514 3983 664 4040 naturae
680 3957 750 4055 fit,
765 3963 807 4041 in
820 3987 1109 4073 quamcunque
1125 3959 1291 4042 demum
1309 3947 1417 4039 orbis
1427 3953 1588 4068 plagam

216 4071 420 4183 dirigatur
434 4099 568 4155 motus
588 4106 603 4166 3
621 4069 709 4155 fitis
722 4073 843 4158 video
862 4073 913 4158 ab
933 4105 1018 4157 uno
1033 4077 1260 4187 eodemque
1280 4073 1503 4186 principio,
1517 4086 1591 4182 pro

216 4186 329 4270 varid
346 4191 532 4297 contigui
556 4191 734 4300 corporis
758 4190 1018 4285 conditione,
1036 4187 1273 4282 ascensum,
1298 4182 1587 4269 descensumve
1631 4222 1636 4234 1

202 4301 377 4414 prodire
397 4295 518 4413 posse.
544 4303 894 4417 Qrandoquidem
906 4333 1063 4402 motus,
1080 4307 1151 4418 qul
1169 4307 1210 4384 in
1224 4301 1364 4384 eadem
1378 4297 1485 4383 lintd
1501 4327 1590 4412 per·
1630 4308 1638 4318 “
1676 4387 1684 4400 ,

216 4416 376 4510 ficitur,
397 4415 543 4500 similes
562 4417 684 4530 plani:
706 4417 881 4503 includit
906 4419 1157 4526 ubicationes
1177 4413 1389 4500 successive
1412 4412 1586 4526 acquisi-

215 4559 295 4631 tas,
318 4529 403 4616 five
418 4528 608 4617 :ascensus
629 4532 698 4631 fit,
720 4533 802 4618 srvd
820 4531 1207 4634 descensus‚ordine
1221 4531 1380 4615 tantiam
1394 4533 1437 4610 in
1451 4555 1591 4612 earum

207 4646 432 4762 'adeptione
446 4675 736 4746 ‚commutato
774 4653 921 4768 Qare
942 4680 1037 4738 curn
1055 4645 1237 4736 ascensu
1256 4645 1279 4730 d
1298 4637 1494 4734 descensu
1506 4641 1589 4729 hoc
1608 4745 1614 4754 ¹

206 4769 283 4826 221)
301 4774 334 4848 207
1225 4769 1256 4847 Β
1304 4799 1324 4851 2
