3808 5262
412 185 834 366 Liberstrcundus.
871 218 1082 328 CAPUT
1110 219 1209 326 lX.

127 367 223 486 fillas
263 409 368 467 rotas
404 379 577 492 adjectas
613 374 820 486 intelligit,

131 534 212 589 non
243 529 311 584 eas
343 497 510 612 quidem
547 489 655 576 cited
681 521 820 592 axem,
913 536 958 601 ‘f-
992 559 1001 577 ,

129 617 192 706 led
209 645 305 700 cum
320 643 395 696 axe
407 608 506 727 ipsu,
518 614 585 694 cui
602 610 823 698 adnedun·
897 564 1400 831 &m

129 765 215 830 tur,
243 727 444 816 versatiles
474 761 486 824 5
514 723 738 840 cujulmodi
760 723 821 810 el-
901 758 948 841 ιῚ
1441 802 1456 811 ,

129 849 272 934 sentin
291 847 373 931 hoc
394 839 597 950 schemate
621 841 759 926 rotulae
784 843 846 928 Α.

130 975 171 1054 dt
186 971 216 1048 Β
234 992 331 1048 cum
347 957 417 1044 suo
430 989 504 1044 axe
522 989 729 1044 connexae.

182 1073 312 1164 Porrb
337 1075 545 1190 duplicem
563 1071 795 1188 hujusmodi
816 1071 1053 1186 scytalarum
1077 1071 1190 1160 usum
1217 1073 1428 1162 confidere
1448 1115 1457 1162 ι
1479 1079 1510 1164 li

134 1203 239 1280 enim
262 1223 368 1276 onus
387 1191 619 1308 impositum
637 1190 847 1282 incumbat
865 1192 1026 1276 Rotulis
1048 1196 1060 1272 i
1093 1193 1165 1289 sis,
1184 1192 1249 1278 vel
1270 1195 1366 1308 quia
1390 1193 1511 1310 plana

135 1312 177 1395 stt
200 1314 285 1422 ejus
321 1305 583 1422 superficies,
619 1305 683 1389 vel
713 1309 809 1420 quia
834 1305 1015 1390 tabulato
1045 1221 1169 1392 lberit
1195 1307 1509 1424 superpofitum,

134 1425 297 1544 perinde
319 1422 434 1507 resse
454 1421 606 1520 habet,
625 1422 794 1536 atquelr
817 1419 1023 1532 cylindrus
1039 1418 1161 1521 ellet,
1186 1431 1301 1539 cujus
1314 1426 1512 1512 diameter

136 1545 237 1628 idem
258 1533 358 1626 effer
381 1568 477 1624 cum
506 1537 728 1622 rotularum
749 1538 946 1624 diametro
973 1575 982 1620 ι
1009 1568 1143 1652 neque
1169 1567 1268 1624 tunc
1291 1541 1513 1628 admodum

139 1658 282 1756 refert,
308 1652 519 1769 cujulham
545 1653 683 1768 figurae
703 1653 749 1736 stt
764 1659 877 1751 axis,
903 1683 1027 1768 quem
1050 1685 1153 1736 onus
1173 1685 1257 1738 non
1278 1665 1433 1767 tangit,
1458 1659 1511 1742 sr-

142 1803 185 1858 ve
206 1773 403 1856 rotundus
425 1769 491 1853 ille
511 1769 593 1868 stt,
622 1771 703 1866 live
727 1767 952 1882 ungulatus.
999 1781 1055 1854 At
1079 1769 1107 1851 st
1129 1801 1232 1854 onus
1255 1772 1327 1884 ipsr
1353 1777 1419 1856 axi
1450 1779 1515 1857 in·

137 1887 296 1974 cumbat
321 1947 332 1984 ,
358 1891 697 2004 promineantqne
727 1887 826 1972 hinc
850 1897 893 1972 dc
914 1886 1014 1970 hinc
1045 1884 1214 1984 rotulae,
1237 1884 1410 1970 omnini)
1437 1919 1519 1973 ne-=

142 1997 239 2088 celle
263 2000 326 2088 est
346 2031 465 2086 axem
490 2005 712 2088 rotundum
729 1996 835 2099 elle,
856 2029 901 2084 ut
918 2003 1004 2088 lieri
1061 2003 1146 2086 offit
1172 2001 1392 2086 rotularum
1412 2033 1515 2090 con.

141 2119 288 2232 versio,
309 2144 434 2232 atque
450 2123 505 2202 ita
525 2117 723 2230 longum,
748 2145 793 2200 ut
808 2122 916 2200 inter
937 2033 1085 2202 tombs
1103 2147 1205 2200 onus
1229 2117 1321 2207 laxe
1345 2123 1516 2204 interci-

143 2239 296 2354 piatnr5
318 2231 496 2318 maxime
517 2239 670 2350 quippe
692 2233 920 2318 cavendum
937 2233 1019 2332 est,
1045 2261 1098 2316 ne
1119 2231 1258 2316 rotulae
1282 2263 1385 2317 onus
1413 2267 1520 2320 con--

145 2356 330 2462 tingant,
358 2349 544 2464 alioquin
569 2381 620 2435 cx
654 2379 799 2434 mutuo
826 2347 1021 2433 conflictu
1049 2377 1162 2432 mora
1192 2379 1275 2432 non
1300 2349 1518 2436 mediocris

144 2471 264 2552 motui
282 2491 500 2554 crearetur.
545 2461 646 2554 Ided
664 2495 800 2554 autem
829 2471 1068 2578 excogitatae
1096 2465 1287 2577 videntur
1303 2463 1519 2580 hujusmo-·

142 2583 184 2668 di
203 2579 388 2694 scytale,
417 2611 464 2664 ιιι
479 2580 648 2666 mmm
669 2579 724 2666 sui
750 2611 863 2702 parte
883 2578 1106 2666 stetrndbm
1129 2585 1401 2666 extremitates
1424 2611 1517 2666 tan-

145 2725 280 2810 gerent
306 2695 532 2782 sabertum
559 2699 754 2814 planum,
780 2727 908 2813 atque
926 2693 1032 2784 aded
1053 2702 1099 2778 in
1122 2700 1314 2810 pauciora
1331 2702 1516 2783 incurre-

149 2841 229 2897 rent
245 2729 498 2902 offendicula
517 2875 528 2912 ‚
546 2813 670 2930 qudm
687 2814 859 2926 cylindri
883 2813 968 2897 totl
992 2811 1060 2896 sud
1077 2811 1333 2926 longitudine
1359 2817 1519 2900 incum·
1547 2867 1550 2877 Δ

149 2927 280 3014 bernes
309 2927 446 3044 plano
492 2933 570 3016 Sed
590 2929 668 3016 illae
687 2933 739 3015 ab
766 2927 837 3012 usu
864 2929 1065 3034 ¹artificum
1082 2932 1165 3041 jam
1185 2925 1258 3012 dib
1289 2923 1518 3014 intermillae
1575 2947 1581 2957 “

151 3041 277 3131 locum
308 3045 382 3128 fim
410 3043 555 3130 licibus
575 3044 767 3157 cylindris
792 3041 1048 3142 concedere,
1078 3047 1229 3158 quippe
1253 3049 1324 3158 qui
1346 3044 1399 3128 ob
1415 3075 1519 3133 con·

152 3163 344 3250 tinentcm
382 3159 522 3278 ibique
545 3158 700 3276 semper
725 3160 903 3246 strnilem²
920 3159 1093 3361 fipuram
1115 3158 1316 3244 solidiores
1337 3156 1519 3261 sunt‘,&

153 3273 325 3396 periculo
346 3303 516 3376 carent,
540 3281 607 3362 cui
627 3276 815 3364 obnoxie
835 3272 928 3364 sunt
988 3275 1129 3390 ytalae,
1154 3303 1206 3358 ne
1225 3275 1416 3362 videlieet
1432 3279 1522 3362 Ro·

156 3389 239 3476 tulae
256 3389 335 3476 illae
349 3389 484 3480 labem
495 3387 673 3512 aliquam
689 3393 841 3479 faciant
861 3421 956 3476 cum
975 3393 1259 3489 rotunditatis,
1277 3385 1521 3507 atqueaded

51 3599 53 3602 ,
155 3511 266 3598 etiam
288 3504 449 3606 motus,
472 3509 733 3596 detrimento.
779 3507 888 3594 Illud
908 3503 1008 3594 verb
1031 3507 1320 3606 commodum,
1346 3510 1457 3624 quod
1470 3539 1523 3594 ex
1562 3521 1568 3530 '

155 3618 493 3710 offendiculorum
519 3629 741 3712 evitatione
765 3621 1001 3720 oriebatur,
1031 3622 1262 3708 obtinemus
1282 3629 1463 3738 pariter,
1493 3623 1524 3710 fi

54 3779 56 3814 ι
156 3738 354 3856 duplicem
374 3738 587 3858 planorum
605 3737 828 3852 tigillorum
848 3736 987 3823 seriem
1007 3735 1301 3824 substernamus
1324 3738 1524 3856 capitibus

154 3855 451 3964 cylindrorums
474 3857 701 3948 hinctnim
722 3857 769 3940 lle
786 3919 797 3956 ,
816 3883 862 3940 ut
875 3858 1035 3940 viarum
1054 3851 1212 3938 lalebrae
1234 3859 1462 3953 evitentur,
1480 3866 1524 3941 δι

157 3968 337 4083 Cylindri
355 3970 517 4058 modice
539 3969 598 4058 sui
612 3997 734 4092 parte
755 3974 998 4080 contingant
1018 3965 1217 4086 subjedios
1242 3969 1421 4081 tigillos,
1452 3974 1526 4088 qui

158 4089 258 4176 viam
273 4086 435 4201 planam
452 4099 495 4180 dc
514 4086 756 4205 equabilem
770 4085 1064 4179 constituentes
1082 4117 1236 4172 moram
1259 4085 1412 4171 nullam
1433 4117 1525 4174 mo-

160 4205 215 4286 tui
236 4207 439 4316 injiciunt.
1300 4235 1305 4245 ·
1356 4217 1373 4246 ·

213 4321 290 4405 Sed
318 4329 360 4406 dt
388 4323 434 4404 in
456 4318 538 4404 hoc
560 4319 836 4434 cylindromm
857 4315 931 4405 usu
953 4321 1224 4406 communiter
1246 4314 1434 4405 censetur
1450 4323 1526 4408 ali-

162 4435 256 4546 quid
276 4428 399 4532 innll‘e
420 4433 624 4527 facilitatis
648 4442 814 4552 majoris.
829 4437 881 4522 ad
908 4468 1033 4524 onera
1052 4435 1323 4534 deducenda,
1352 4433 1528 4553 qurlmsr

162 4549 224 4634 illa
241 4554 374 4640 currui
398 4555 730 4667 imponerentur5
748 4543 837 4640 tiam
859 4559 957 4671 quia
972 4557 1108 4638 currui
1131 4548 1199 4634 sua
1217 4549 1321 4635 inest
1341 4560 1542 4665 gravitas,
1634 4567 1639 4578 “

165 4691 249 4784 quat
273 4665 356 4754 und
387 4697 483 4755 cum
511 4670 697 4786 imposrttl
721 4667 874 4762 breinrl
901 4675 1031 4786 ma'yus
1056 4697 1167 4755 onus
1206 4667 1450 4770 constituit,
1480 4691 1540 4760 ac·

1122 4783 1275 4874 D'dr
