3794 5266
359 277 367 296 „
412 209 497 310 ·6
868 179 1288 306 Meclaria-amm

370 241 464 448 t4el7ac
476 351 615 474 scapus
631 387 642 438 ε
661 348 733 468 qui
746 353 857 438 enim
877 349 1026 468 fluctus
1038 353 1175 436 navim
1186 345 1269 434 alib
1281 346 1507 466 propellere
1515 341 1744 468 potuill'ent,

338 468 341 476 ’
370 472 564 566 nonsatis
582 469 789 556 habebant
808 473 953 554 virium
966 530 979 567 ,
993 493 1041 551 ut
1055 473 1178 551 etiam
1191 463 1294 550 illud
1312 469 1470 576 argenti
1487 471 1647 581 pondus
1661 502 1742 556 maa

373 589 571 708 rigfundo
581 583 822 673 incumbens
836 594 877 671 δι
888 587 982 670 navi
999 611 1232 668 connexum
1244 579 1395 698 pariter
1409 585 1570 673 trahere
1579 582 1742 700 possent.

373 705 505 799 Simili
524 707 649 816 igitur
662 706 818 785 ratione
827 701 1026 800 anchora,
1042 697 1143 785 licet
1155 700 1307 784 duriori
1318 694 1402 784 solo
1416 701 1583 784 dentem
1595 700 1744 815 infige-

374 855 419 914 te
433 851 518 906 non
528 818 681 916 valeat,
696 815 915 932 aliquando
926 813 996 898 luo
1005 815 1188 932 pondere
1206 817 1342 900 navim
1361 812 1549 900 firmabit.
1567 813 1745 933 Relpon-
1861 899 1862 930 p

337 971 340 978 ’
373 943 448 1030 det
463 963 598 1022 autem
614 933 802 1018 anchorae
815 930 992 1044 gravitas
1011 935 1124 1015 oneri
1138 993 1149 1032 ‚
1165 931 1277 1045 quod
1294 928 1399 1013 ferre
1413 928 1546 1044 potest
1560 939 1685 1031 navis,
1699 963 1743 1020 ea
1861 961 1862 996 ³

374 1060 576 1149 Ratione,
589 1077 722 1164 utpro
737 1051 870 1130 oneris
885 1045 998 1133 libris
1008 1077 1154 1153 40000
1174 1047 1282 1143 (hoc
1299 1041 1358 1130 est
1376 1077 1427 1132 20
1440 1049 1662 1163 Amphotis
1677 1077 1746 1134 aut

352 1210 357 1218 ·
374 1173 513 1266 doliis,
526 1167 775 1280 singulorum
788 1165 939 1278 quippe
953 1164 1156 1248 doliorum
1168 1167 1342 1275 gravitas
1359 1159 1546 1248 statuitur
1557 1161 1745 1252 librarum

376 1286 437 1374 bis
450 1283 583 1380 mille,
600 1291 642 1367 dc
655 1277 822 1389 stngulis
832 1277 943 1362 libris
956 1285 1090 1362 unciae
1106 1275 1577 1374 lerdecimtribnuntut)
1594 1279 1688 1366 ferti
1700 1279 1745 1364 lr‘-

376 1403 465 1489 bras
482 1425 649 1484 centum
665 1406 707 1482 ὃ(
724 1395 869 1479 decem
895 1393 1045 1479 habeat
1072 1396 1260 1508 primaria
1287 1404 1331 1481 δι
1360 1399 1536 1478 maxima
1552 1397 1741 1495 anchora,
1861 1425 1862 1442 ³

375 1516 551 1605 secunda
567 1513 717 1598 habeat
729 1507 868 1626 pn'mae
877 1509 1116 1596 dodrantem
1129 1569 1141 1606 ,
1155 1513 1272 1593 tertia
1283 1501 1451 1608 bessem,
1462 1539 1604 1626 quarta
1617 1507 1742 1596 senil

375 1631 472 1719 stm.
519 1626 723 1713 Rudentis
741 1655 868 1723 vero,
898 1628 966 1708 cui
994 1624 1173 1710 anchora
1196 1620 1455 1719 educemur,
1476 1625 1639 1738 pondus
1658 1625 1743 1715 fere

248 1795 256 1800 ·
375 1750 543 1866 ponitur
556 1741 728 1858 duplum
740 1735 805 1828 scs
826 1737 1059 1856 niquartum
1068 1737 1277 1854 gravitatis
1287 1738 1364 1824 suat
1375 1743 1577 1826 anchora.
1596 1747 1743 1858 Qum
1862 1728 1863 1740 Ν

374 1893 500 1982 quam
518 1889 601 1944 non
613 1862 782 1942 omnino
796 1771 972 1942 lervetur
986 1855 1074 1940 hac
1087 1857 1210 1940 Ratio
1226 1855 1417 1968 ponderis
1425 1857 1614 1941 anchora
1631 1863 1676 1942 in
1685 1864 1753 1944 in·.

406 1975 570 2066 entibus
594 1974 794 2086 navigiis,
830 2000 919 2086 quae
947 1973 1138 2054 nimirum
1170 1967 1238 2056 sud
1266 1967 1463 2082 gravitate
1487 1973 1666 2060 maxime
1682 1967 1747 2058 re·'

375 2008 521 2180 hstunt
535 2089 735 2176 dustuum
750 2084 1002 2204 impulsioni‚
1024 2116 1071 2170 ac
1087 2087 1258 2202 proinde
1272 2091 1430 2172 minore
1446 2087 1630 2176 anchord
1647 2117 1746 2206 opus
1862 2119 1863 2188 3

290 2269 301 2278 -
374 2207 545 2300 habent.
1292 2199 1305 2216 ”

434 2323 633 2410 Primariae
651 2319 839 2408 anchorae
852 2317 1070 2436 potillimus
1081 2311 1171 2402 ulbs
1184 2313 1456 2405 communiter
1467 2311 1550 2420 est,
1563 2318 1660 2406 clm
1674 2351 1744 2406 va·

345 2461 348 2470 ’
376 2441 496 2530 lidior
512 2434 724 2552 tempestas
740 2439 876 2542 navim
893 2435 1129 2548 aggreditur
1138 2466 1150 2528 3
1169 2429 1380 2534 secundae,
1397 2465 1443 2520 ut
1465 2435 1585 2520 navis
1605 2441 1649 2518 in
1670 2435 1745 2522 sta.

268 2611 274 2618 ·
377 2563 491 2642 tione
494 2550 684 2753 fquiescat
693 2583 706 2646 3
719 2555 877 2635 tertiam
888 2549 1086 2636 adhibent
1103 2573 1233 2633 nautae
1245 2578 1315 2650 ,ut
1327 2551 1484 2636 duabus
1500 2551 1687 2635 anchoris
1695 2551 1745 2636 ad

276 2779 278 2784 ι
377 2673 493 2760 diver
509 2699 549 2752 as
570 2667 705 2785 plagas
719 2665 945 2751 constitutis
969 2677 980 2761 (
993 2693 1112 2782 puta,
1127 2663 1250 2750 alteral
1266 2668 1318 2752 ad
1332 2665 1742 2765 Subsolanum,alterd

376 2789 431 2875 ad
442 2793 608 2871 boream
618 2811 689 2868 aut
701 2783 753 2868 ad
764 2781 1138 2897 Borrhapeliotem)
1153 2808 1277 2864 vento
1295 2791 1337 2868 dc
1352 2781 1543 2868 fludibus
1556 2786 1671 2868 navis
1682 2813 1743 2868 rt-

375 2903 485 2990 sistat
500 2899 694 2997 validibs,
710 2928 787 2982 nec
800 2893 1005 3012 abreptad
1019 2893 1208 2980 fluetibus
1218 2899 1440 2982 anchoram
1449 2903 1600 3013 pariter
1611 2897 1745 2984 secum·

376 3017 527 3135 rapiat,
542 3014 608 3101 sed
621 3041 779 3098 tantum
788 3011 951 3098 alternis
970 3011 1147 3095 motibus
1162 3011 1271 3126 qnafr
1290 3013 1399 3096 circa
1420 3041 1605 3098 centrum
1617 3017 1743 3129 agite-

305 3191 311 3202 ·
377 3131 850 3249 tursQartamdemum
863 3127 981 3213 lintre
993 3126 1237 3211 transferunt
1247 3127 1741 3242 proculdnavijuxralon·

378 3251 607 3366 gitudinem
622 3245 730 3331 furiis
740 3247 889 3342 adnexi
901 3245 1172 3328 ducentorum
1185 3247 1345 3326 circiter
1356 3245 1610 3344 cubitorum,
1626 3277 1743 3362 quem

377 3359 567 3453 nnchina
575 3363 626 3446 ad
643 3363 685 3446 id
697 3358 895 3446 destinati.
912 3357 1149 3470 colligentes
1167 3361 1369 3442 accedunt
1383 3361 1435 3446 ad
1444 3363 1687 3460 anchoram,
1701 3373 1740 3449 bc

378 3480 591 3568 stationem
606 3502 878 3574 commutant,
895 3501 965 3559 aut
985 3499 1146 3590 portum
1159 3477 1312 3558 intrant
1323 3534 1337 3570 2
1348 3471 1415 3560 seu
1428 3475 1479 3562 ab
1496 3473 1569 3563 illo
1582 3505 1741 3577 exeunt,

375 3597 448 3684 ubi
465 3591 586 3683 cellar
599 3619 764 3704 ventus,
779 3617 850 3676 ant
864 3587 1051 3675 adversus
1066 3585 1196 3705 spirat.

436 3715 504 3802 Ad
520 3709 756 3794 firmandam
765 3701 865 3792 verb
878 3709 1015 3790 navim
1031 3703 1253 3821 plurimum
1262 3707 1388 3796 habet
1400 3715 1598 3801 momenti
1610 3711 1737 3826 longi-

352 3891 355 3896 ·
377 3832 480 3921 tudo
489 3823 570 3943 ipsa
585 3826 790 3917 rudentisa
808 3820 899 3910 satis
914 3828 1026 3908 enim
1040 3822 1299 3910 manifestum
1317 3825 1399 3926 est,
1413 3825 1564 3942 quantal
1585 3833 1627 3913 vi
1648 3857 1742 3942 opus

377 3952 448 4046 fit,
462 3975 509 4032 ut
523 3943 684 4053 longior
697 3938 806 4026 funis
816 3940 1072 4036 intendatur,
1097 3945 1169 4054 qui
1193 3936 1366 4026 cellante
1384 3941 1552 4029 externi
1573 3949 1616 4028 vi
1639 3945 1741 4030 illico

377 4067 618 4154 finuacunac
629 4081 838 4172 propterea
847 4052 1084 4142 vehementi
1095 4083 1245 4141 conatu
1256 4085 1470 4144 ventorum
1483 4087 1531 4142 ac
1545 4058 1738 4144 noenum

377 4178 492 4286 navis
512 4173 758 4289 impellenda
785 4169 870 4270 est,
901 4199 948 4254 ut
972 4172 1122 4257 rudens
1151 4177 1331 4264 intentus
1350 4175 1571 4260 anchoram
1598 4178 1732 4262 trahat

376 4300 502 4385 Varia
517 4291 576 4376 cst
594 4318 729 4376 autern
743 4287 945 4406 Rudentis
954 4287 1169 4400 longitudo
1182 4317 1256 4404 pro
1267 4291 1537 4376 anchorarum
1547 4292 1716 4378 Ratione
1723 4325 1737 4388 ‚·

377 4408 591 4522 longitudo
613 4406 821 4522 liquidem
835 4407 1016 4491 rudentis
1028 4405 1216 4490 anchora
1237 4407 1603 4524 primariaecubitos
1622 4407 1740 4496 habet

375 4553 544 4614 centum
561 4520 728 4635 viginti,
740 4519 923 4608 secundat
936 4519 1094 4605 cubitos
1108 4551 1299 4620 centum,
1317 4526 1444 4606 tertiat
1463 4523 1624 4610 cubitos
1638 4527 1742 4608 odo·

375 4646 516 4760 ginta:
534 4635 620 4756 qub
639 4643 751 4729 enim
767 4637 956 4730 adversita
972 4635 1209 4732 validiorem
1224 4643 1423 4756 impetum
1435 4645 1740 4841 repugnandupr

1672 4787 1739 4858 ⁶>
