3766 5270
457 217 846 377 Liberquintus.
889 229 1217 348 Canarii.
1425 285 1519 388 5¹3
1619 325 1621 330 ·

127 377 337 469 deorstm
354 382 654 484 connitentium
673 383 830 470 facilior
846 393 1058 506 contingat
1073 393 1266 510 depreslio
1276 457 1288 498 ,
1333 390 1526 506 uimele·

117 499 274 596 vatio,
291 498 318 582 st
332 497 637 583 nunubriorum
649 499 819 586 inflexio
832 507 884 592 ad
896 509 1067 594 eandem
1078 535 1232 623 partem
1247 427 1526 620 collocaretur,

133 645 333 730 uterque.
362 613 477 698 fimus
510 617 776 728 deprimendo
811 619 968 710 facilius
1003 653 1123 710 axem
1162 657 1453 734 converteret,
1486 663 1529 721 at

132 759 326 845 uterque
343 729 457 814 fimul
477 731 639 814 elevans
653 731 809 846 aliquid
831 737 1004 852 amplius
1014 738 1161 827 laboris
1180 739 1531 840 subirettrltetnit

133 875 291 934 aunem
318 843 614 931 elevationibus
637 874 763 962 atque
790 851 1104 967 depreshonibus
1128 855 1243 943 labor
1269 889 1527 976 temperatur.

102 987 112 1058 ἴ
134 967 358 1060 Caetemm
380 965 491 1075 quod
505 964 555 1046 ad
571 962 762 1078 potentiae
779 995 988 1058 momenta
1003 977 1168 1071 attinet,
1192 1003 1334 1088 patum
1349 981 1537 1083 interest,·

134 1105 275 1194 quam
312 1079 552 1192 positionem
587 1080 799 1166 manubria
842 1081 1022 1172 habeant
1064 1078 1230 1172 vicilhm
1269 1121 1528 1210 comparatas

135 1197 350 1312 speetatut
364 1190 554 1279 videlicet
570 1193 818 1303 {iugulorum
832 1194 1051 1311 longitudo
1066 1213 1108 1290 δι
1125 1202 1354 1319 cujusmodi
1369 1241 1528 1304 motum
1611 1233 1620 1247 ⁸

135 1315 334 1429 potentia
350 1309 565 1394 rnarrubrio
586 1309 785 1444 applicata
800 1310 1022 1404 describat:
1040 1319 1106 1405 Sic
1120 1323 1321 1436 manubrij
1344 1327 1527 1448 longitu-

136 1426 939 1541 doGH,hoceslpotenuaeapprehen-
1276 1461 1279 1468 ¹

136 1541 287 1630 dentis
307 1543 403 1627 HO
417 1539 606 1627 distantia
625 1543 937 1656 perpendicula-

139 1665 199 1746 ris
215 1655 270 1742 ab
281 1687 358 1742 axe
373 1655 542 1766 cylindri
556 1718 566 1754 ,
580 1655 652 1768 qui
667 1657 937 1758 convolvitur,

139 1774 401 1860 attendenda
413 1771 493 1868 est,
506 1784 547 1860 bc
563 1773 658 1858 clam
672 1773 792 1886 ipsius
809 1775 937 1886 cylin·
1046 1795 1096 1906 G

141 1890 213 1977 dri
233 1950 246 1986 ,
269 1885 563 1972 semidiametro
578 1890 871 2001 comparanda,
892 1919 937 1972 ut
1013 1953 1050 2048 C
1209 1991 1216 2002 ι

141 2007 283 2092 Ratio
306 1997 434 2086 moult
457 2009 651 2088 Potentiae
672 2005 722 2090 ad
750 2006 939 2118 ponderis
1195 2014 1249 2138 js

142 2147 314 2226 motum
336 2115 582 2216 innotescat,
603 2149 651 2204 ac
672 2121 843 2234 proinde
857 2124 937 2206 Po·

141 2241 291 2322 tentiae
303 2263 558 2322 momentum
571 2235 800 2320 defim'atur.

208 2351 329 2434 Hinc
355 2377 520 2466 apparet
533 2380 608 2465 pto
629 2349 750 2466 ipfius
769 2353 868 2438 GH
886 2351 1143 2470 longitudine
1159 2366 1210 2452 ad
1224 2370 1394 2482 cylindri
1410 2407 1529 2472 axem

145 2469 400 2584 ptodudium
414 2467 735 2580 perpendiculari
748 2475 887 2581 augeri
905 2499 1110 2562 momenta
1128 2493 1342 2595 potentiaer
1358 2493 1530 2606 perinde

144 2611 334 2694 natuque
352 2579 555 2678 sehabet,
576 2612 624 2669 ac
644 2585 671 2668 fi
693 2583 843 2670 infixus
867 2582 962 2672 esset
977 2589 1162 2702 cylindro
1180 2601 1341 2687 Radius
1367 2611 1432 2694 KI
1454 2611 1527 2730 ipst

144 2701 190 2788 G
213 2697 261 2778 H
279 2696 440 2811 aqualis
457 2731 469 2790 ς
487 2695 643 2813 quiusa
664 2703 724 2785 KI
741 2701 792 2784 ad
811 2703 885 2785 ΚΕ
903 2700 1263 2814 semidiametmm,
1279 2721 1335 2802 ita
1355 2723 1454 2809 GH
1476 2733 1529 2818 ad

146 2815 261 2911 ΚΕ,
282 2821 325 2930 bc
348 2810 559 2910 ambitura
607 2819 754 2900 wantia
772 2817 815 2898 in
832 2818 878 2902 H
892 2816 1113 2938 descriptus
1133 2829 1185 2912 ad
1200 2831 1379 2939 ejusdem
1394 2843 1526 2952 cylin-

144 2933 218 3016 dri
237 2926 447 3012 ambitum.
491 2929 631 3044 Qtare
652 2947 736 3014 hon
759 2929 904 3018 leviter
915 2935 1209 3042 allucinantur,
1231 2952 1528 3072 quimanubrij

145 3043 460 3154 longitudinem
473 3045 514 3128 G
527 3045 570 3124 H
585 3074 669 3130 non
685 3049 857 3145 restam,
884 3043 1008 3136 sedin
1026 3055 1299 3168 hemicyclum
1322 3097 1528 3163 curvatam

148 3159 304 3247 volunt
319 3159 428 3272 quafi
446 3159 545 3244 hinc
560 3161 652 3275 plus
666 3160 821 3280 aliquid
834 3173 1029 3252 momenti
1054 3176 1244 3284 potentiae
1257 3181 1507 3274 conferretur
1514 3229 1525 3290 3
1544 3190 1548 3196 ’

147 3275 342 3394 quamvis
354 3277 465 3358 enim
478 3275 620 3360 circuli
636 3273 961 3394 semiperipheria
976 3284 1022 3366 stt
1035 3283 1132 3372 mre
1145 3291 1329 3378 diametri
1342 3295 1527 3411 sesquial-

146 3419 255 3488 tera,
270 3391 460 3502 potentiae
479 3389 685 3504 applicatae
698 3397 829 3480 motui
844 3425 926 3478 non
940 3395 1280 3516 semiperipheria,
1296 3409 1360 3498 sed
1373 3415 1528 3508 diame-

145 3501 361 3614 terlegem
378 3499 514 3592 statuit
534 3542 544 3587 ε
566 3506 749 3622 alioquin
773 3511 800 3592 st
823 3537 875 3596 ex
891 3511 970 3626 ipsa
983 3517 1183 3634 manubrij
1201 3507 1425 3618 inflexione
1436 3561 1543 3622 mo..

146 3646 296 3710 menta
307 3643 575 3730 augerentur,
591 3621 711 3716 satius
727 3619 823 3708 esset
835 3656 920 3709 non
930 3629 1088 3716 tantiam
1100 3630 1445 3758 sctmiperipheriae,
1462 3650 1528 3742 sed

146 3741 299 3850 majori
315 3733 455 3820 circula
471 3733 679 3848 segmento
694 3739 817 3825 simile
830 3737 909 3826 else
926 3745 1171 3844 manubritiv
1188 3757 1226 3837 id
1239 3761 1346 3872 quod
1363 3763 1525 3880 fiexpe.

145 3855 223 3941 riri
235 3847 613 3950 ·voluetint,tantum
623 3849 795 3952 abest,ut
803 3859 993 3943 movendi
1009 3861 1240 3955 heilitatem
1254 3877 1528 3987 acquirantur

141 3963 292 4088 potius
300 3993 508 4052 momenta
518 3971 647 4052 minui
662 3965 834 4056 sentiant
842 4007 855 4068 5
870 3981 1014 4062 namin
1028 3981 1181 4068 circulo
1190 3993 1404 4075 maximam
1418 3995 1529 4092 linea

143 4077 502 4178 effediametmm,
513 4093 555 4170 &
566 4081 654 4199 qub
671 4087 828 4194 majorti
839 4086 1093 4200 segmenton't
1107 4107 1392 4216 arcusmajores
1407 4109 1525 4224 fiunt,

144 4199 287 4286 minui
302 4193 503 4284 subtensts
515 4197 688 4284 chordas
701 4261 713 4300 ,
726 4207 778 4286 'ex
799 4235 861 4314 15.
876 4201 946 4288 lib.
953 4240 986 4312 3.
1002 4210 1237 4329 nbruntipfi
1252 4217 1525 4349 Elementarij.

217 4313 311 4406 Hac
331 4316 457 4426 igitur
477 4315 676 4428 manubtij
692 4317 948 4432 longitudine
960 4329 1177 4439 perpensi,
1200 4357 1283 4416 non
1299 4333 1425 4426 solum
1442 4375 1526 4443 non

146 4427 216 4524 est
241 4457 384 4512 eorum
408 4427 612 4544 aequalitas
641 4430 834 4544 religiose.
847 4436 1037 4526 servanda
1055 4503 1065 4538 ‚
1086 4441 1226 4528 veriam
1245 4454 1393 4538 author
1406 4455 1528 4559 elsam

148 4541 1054 4642 caetementariis,utmanubtiorumaltermn
1091 4553 1187 4641 aulb
1201 4558 1362 4676 longius
1375 4583 1528 4672 consti.

147 4687 341 4755 tueretur
357 4658 456 4780 clim
470 4665 579 4748 enim
597 4689 643 4746 ut
660 4660 881 4778 plurimum
899 4585 1115 4782 inaequalis
1136 4671 1211 4770 sint
1231 4707 1445 4796 operarum
1464 4705 1551 4786 νεῖ·
1658 4785 1663 4796 ,

186 4873 191 4882 .
201 4850 240 4909 ἡ
950 4867 952 4870 .
1147 4847 1166 4876 a
1190 4820 1234 4886 tt
