3708 5274
388 199 492 310 688
667 219 733 232 ··
830 171 1297 300 Mechatticomm
1545 245 1591 313 g

390 351 588 472 aqualem
610 347 682 437 srbi
699 351 895 464 impetum
914 347 1123 456 gigneret,
1137 341 1182 428 in
1199 374 1283 460 quo
1299 339 1491 459 superstes
1503 322 1614 443 cuci,
1626 345 1717 441 tertii

394 474 574 591 periret:
602 469 788 580 gravitati
810 489 946 545 autem
967 457 1133 572 srngulis
1158 467 1375 561 momentis
1403 463 1486 544 vim
1513 464 1717 574 producendi

394 617 554 678 certum
581 574 752 697 impetire
767 579 936 692 gradum
955 574 1028 659 srbi
1051 603 1344 688 congruentem
1360 575 1592 678 pribuebam.
1633 583 1716 670 Hire

396 733 541 820 corpus
554 696 801 786 descendens
819 697 948 808 primo
966 719 1174 797 momento
1205 696 1381 807 primunr
1396 690 1568 776 habebat
1588 697 1718 811 impetit

397 811 602 938 gradumd
618 815 815 927 gravitate
834 808 1099 924 produiiuma
1124 804 1303 892 secundo
1313 831 1521 890 momento
1532 807 1662 920 primus
1672 814 1718 900 illa

399 935 547 1058 gradus
576 930 699 1016 alium
726 925 897 1041 gradum
914 919 1111 1036 gignebat
1125 949 1267 1038 praeter
1284 951 1402 1020 eum,
1422 926 1493 1038 qui
1521 923 1543 1007 ai
1567 933 1719 1037 gravitate

400 1083 500 1137 tunc
516 1046 743 1138 oriebantur
764 1069 888 1156 quare
904 1041 988 1124 duo
1005 1041 1101 1124 novi
1126 1041 1274 1151 gradus
1289 1051 1384 1122 cum
1405 1063 1488 1122 uno
1502 1037 1652 1156 antiquo
1666 1073 1719 1130 uu

398 1167 547 1282 gradus
558 1156 867 1264 constituebant.
904 1155 1048 1240 Tertio
1057 1183 1265 1239 momento
1277 1157 1426 1266 primus
1438 1157 1580 1266 gradus
1594 1160 1719 1270 peribat,

334 1329 341 1344 ·
398 1286 484 1370 duo
495 1276 659 1367 secundi
669 1271 928 1389 gradusduos
939 1271 1088 1384 pariter
1100 1271 1394 1384 producebant,
1410 1279 1450 1354 &
1467 1271 1719 1380 gravitasiuuo

398 1402 563 1482 tertium
587 1393 781 1506 graduma
799 1413 923 1501 quare
954 1382 1137 1500 quinque
1165 1386 1312 1497 gradus
1341 1413 1467 1468 erant.
1511 1393 1720 1500 Qanono·

396 1540 540 1602 mento
552 1506 711 1595 duobus
725 1500 887 1588 secundi
893 1531 909 1582 s
922 1499 1113 1610 gradibus
1130 1497 1395 1617 pereuntibus
1411 1561 1423 1595 ,
1439 1527 1517 1584 tres
1529 1504 1721 1613 gradusttr·

400 1633 459 1714 tio
478 1652 685 1713 momento
709 1618 892 1736 produFti
920 1613 1065 1730 reliqui
1090 1644 1226 1724 erant,
1244 1627 1285 1703 bt
1305 1613 1376 1700 fibi
1401 1618 1594 1700 tresalios
1615 1622 1720 1730 gradus

400 1743 631 1833 addebant,
652 1765 753 1852 quos
767 1727 1055 1846 'producebant
1069 1792 1080 1828 ,
1096 1759 1219 1846 atque
1275 1736 1418 1814 ravitas
1448 1728 1561 1816 suum
1579 1763 1720 1847 quartum

399 1860 572 1974 gradum
583 1850 806 1946 efficiebat,
824 1873 869 1932 ut
884 1850 927 1937 in
942 1845 1172 1930 universum
1188 1758 1317 1930 essbnt
1331 1843 1483 1958 septem
1505 1851 1648 1958 gradus.
1681 1853 1720 1934 Er

400 1977 467 2062 his
485 1970 634 2088 septem
655 1971 803 2082 quinto
825 1989 1033 2047 momento
1046 1961 1233 2078 peribant
1258 1989 1337 2050 tres
1354 1968 1462 2076 tertij
1480 1966 1637 2074 gradosa
1653 1996 1720 2079 qua-

401 2117 494 2174 tuor
506 2084 648 2199 reliqui
666 2089 764 2168 item
778 2077 876 2162 alios
891 2076 1321 2192 quatuuradjiciebant
1330 2073 1479 2192 quinto
1493 2078 1721 2191 graduiigra·

401 2209 525 2290 vitate
545 2194 839 2317 proficiscenti,
859 2204 900 2280 δι
920 2219 1035 2276 erant
1052 2221 1212 2278 novem.
1243 2195 1380 2306 Atque
1396 2199 1453 2278 ita
1471 2195 1646 2311 deinceps
1660 2257 1669 2293 ‚
1683 2223 1722 2278 tot

400 2314 662 2438 pereuntibus
676 2307 889 2424 gradibus,
906 2333 1078 2422 quotum
1097 2335 1180 2394 erat
1192 2335 1447 2392 momentum
1464 2339 1549 2396 uno
1560 2315 1724 2418 interitio

395 2434 628 2554 praeeedens
640 2491 651 2528 ,
665 2438 707 2515 δι
721 2451 782 2510 tot
796 2426 1014 2539 produciis,
1029 2451 1201 2539 quotum
1214 2449 1299 2507 erat
1315 2423 1436 2537 ipsius
1446 2419 1575 2510 motiis
1586 2455 1723 2510 mouen-

400 2579 500 2636 tum
546 2549 610 2634 Sic
640 2569 848 2627 momento
872 2538 1066 2651 vigefimo
1086 2569 1196 2622 nono
1220 2538 1412 2654 'peribant
1432 2542 1578 2652 gradus
1599 2575 1639 2649 27
1659 2573 1722 2655 pru-

397 2668 511 2771 duiii
529 2683 740 2766 momento
756 2655 953 2770 uigefimo
978 2651 1172 2768 septimo,
1190 2655 1493 2740 remanentibus
1512 2658 1677 2769 gradibus
1693 2666 1722 2742 28

402 2781 606 2900 productis
619 2799 827 2860 momento
844 2769 1036 2881 vigefimo
1048 2774 1211 2868 οᾶανο,
1233 2765 1418 2886 &quibua
1437 2778 1604 2858 totidem
1619 2775 1724 2886 produ·

402 2885 692 2982 cebantbruni
704 2917 798 2974 cum
814 2887 943 2998 gradu
961 2890 1123 3000 proprio
1137 2884 1363 2996 gravitatis,
1378 2889 1463 2972 hoc
1474 2887 1534 2972 est
1548 2893 1672 3001 gradus
1684 2921 1725 2991 29,

283 3058 285 3060 ·
402 3023 448 3106 bt
463 3039 562 3098 tunc
575 2999 845 3120 eratimpetbs
864 2997 1035 3086 intensio
1052 3003 1252 3112 graduum
1275 3030 1325 3110 57
1346 3033 1558 3088 momento
1580 3005 1725 3118 vr‘gefinu
1788 3101 1789 3104 p

403 3157 528 3216 nono.
573 3119 814 3240 Qemlibet
827 3118 926 3202 verb
942 3121 1161 3202 terminum
1177 3121 1220 3200 in
1240 3113 1336 3202 serie
1360 3147 1617 3203 numerorum
1634 3127 1696 3234 imp
1713 3169 1724 3184 -

403 3247 509 3326 rium
522 3239 641 3326 facile
653 3231 836 3322 invenies
850 3294 862 3332 ,
878 3232 907 3316 sr
923 3230 979 3314 illi
995 3231 1350 3346 duplicatodemas
1364 3240 1584 3320 unitatem:
1600 3237 1726 3351 ficqua·

404 3387 496 3454 rens
521 3360 708 3442 oiiavum
731 3347 950 3464 terminum
972 3377 1024 3432 ex
1046 3351 1354 3433 denominatore
1370 3351 1538 3436 termini
1557 3351 1726 3468 duplicato,

405 3471 556 3560 scilicet
571 3470 630 3556 bis
646 3479 665 3556 8
680 3529 691 3568 ,
705 3468 783 3554 hoc
796 3465 915 3550 estro
924 3523 935 3558 ‚
950 3463 1070 3548 deme
1083 3466 1301 3562 unitatem,
1319 3475 1357 3550 ὃ(
1378 3495 1391 3548 r
1406 3499 1425 3576 5
1444 3465 1504 3551 est
1521 3473 1726 3554 octavustcs.

404 3595 565 3675 minus:
587 3585 849 3684 stoterminus
864 3575 1175 3701 septuagefimus
1190 3577 1541 3702 babeturdempti
1555 3589 1681 3668 unitate
1693 3609 1727 3664 tx

409 3734 511 3810 140,
530 3701 674 3790 &estr
685 3735 750 3806 39.

464 3823 579 3904 Huic
594 3815 807 3932 hypothefi
824 3845 918 3900 cum
932 3807 1197 3902 Phenomeno
1209 3815 1363 3931 optime
1378 3817 1685 3912 conveniebat,&
1698 3839 1728 3892 ea

405 3933 652 4022 statuebatur
668 3929 842 4046 impetita
861 3933 1046 4030 intensro,
1066 3963 1155 4048 quta
1174 3933 1378 4019 velocitati
1399 3935 1614 4020 efficienda
1625 3924 1728 4047 pares·

405 4049 475 4149 set,
489 4049 638 4136 servati
649 4048 994 4132 incrementorum
1005 4051 1193 4145 Ratione,
1205 4079 1293 4164 quae
1304 4081 1355 4136 ex
1366 4054 1729 4169 iteratisexperimtn·

403 4173 455 4266 tis
470 4171 710 4250 innotuerat.
749 4159 904 4249 Verum
920 4158 1223 4262 commentitia,
1245 4165 1450 4252 &fabulae
1468 4163 1729 4282 proximauidt-

401 4277 618 4372 baturtaim
646 4281 776 4365 brevis
792 4277 964 4391 impetita
985 4284 1093 4379 vita,
1122 4309 1245 4395 quam
1268 4311 1350 4366 non
1382 4285 1455 4368 nifi
1474 4285 1557 4368 duo
1572 4303 1729 4365 momenta

401 4401 721 4485 metirenturtin
735 4399 783 4478 iis
803 4389 894 4478 sarab
911 4456 923 4492 ‚
942 4425 1033 4512 quae
1053 4401 1093 4478 vi
1110 4397 1275 4481 externi
1293 4429 1537 4498 moventur,
1560 4391 1730 4508 &longiis
1785 4465 1786 4470 t

400 4511 694 4638 projiciuntur,
720 4507 850 4596 autin
873 4538 1019 4624 gymrn
1041 4535 1242 4622 aguntur,
1263 4512 1358 4598 iicet
1379 4511 1557 4599 extindii
1572 4507 1730 4600 effedrite

395 4628 516 4722 c‘ausai
538 4621 746 4745 impreffus
765 4631 940 4744 impetus
958 4627 1112 4717 diutibs
1127 4655 1355 4742 permanen
1377 4632 1525 4748 quidni
1545 4641 1583 4717 δι
1597 4637 1730 4742 impetu

402 4767 412 4787 ²
695 4791 698 4798 ·
1617 4745 1722 4861 sponte
