3818 5264
478 221 637 341 Liber
639 225 911 377 secundus.
941 229 1155 348 Caau'r
1185 241 1222 348 1.
1435 291 1540 392 127

168 391 422 514 persuaderet
430 422 443 486 3
458 395 514 474 ita
528 393 648 474 nimis
664 388 815 504 exigue
835 398 879 476 be
901 389 1062 476 exiliter
1071 394 1123 480 ad
1137 396 1312 486 calculos
1330 399 1538 502 revocaret

164 510 411 622 uestemqui
421 533 494 621 pro
504 503 649 622 dispari
660 505 748 620 ejus
757 504 1102 602 levitatemodum
1111 515 1309 602 machinae
1322 517 1535 624 statueretr

164 631 205 712 in
227 621 401 714 materia
420 627 572 707 etenim
593 683 605 721 ,
623 649 675 706 ex
692 619 775 736 qua
792 621 985 709 techina
1011 631 1300 740 componitur,
1325 637 1459 723 nullus
1473 643 1535 729 est

78 741 85 750 ’
163 745 260 830 huic
276 744 446 826 minutae
473 736 682 823 subtilitati
694 735 809 822 locus
826 799 838 838 ‚
866 767 956 852 qua
972 743 1103 824 aciem
1128 771 1294 830 omnem
1311 748 1444 864 fugit,
1458 757 1533 844 nist

166 888 259 942 cum
276 859 424 941 veritas
452 857 494 938 in
519 849 790 968 disputatione
808 853 982 938 limatur.
1024 855 1071 939 ld
1100 860 1210 972 quod
1234 861 1286 946 dc
1313 865 1361 950 cl
1384 875 1534 981 pariter

165 973 438 1088 gravitationis
449 967 722 1084 inaequalitate
731 970 886 1054 dietum
896 967 1033 1067 velim,
1044 999 1132 1084 quc
1142 978 1532 1093 exinaequaliicen·

165 1119 223 1174 tro
237 1089 425 1202 gravium
440 1081 631 1172 distantia
645 1109 781 1170 ortum
792 1083 941 1183 habet,
954 1111 1000 1168 ut
1011 1083 1122 1170 lib-1.
1134 1117 1221 1204 cap.
1232 1121 1272 1200 4
1284 1092 1532 1210 disputatum

165 1205 245 1292 est:
266 1205 379 1319 Qia
395 1204 439 1284 in
463 1198 619 1286 tantulo
636 1203 774 1316 Spatio
792 1259 804 1300 ,
825 1207 867 1284 in
884 1229 970 1316 quo
982 1227 1055 1284 nos
1072 1198 1187 1287 labor
1204 1207 1338 1293 noster
1353 1241 1531 1318 exercet,

164 1321 226 1413 illa
240 1344 541 1406 momentorum
553 1319 817 1428 exuperantia
829 1311 901 1400 sub
917 1311 1073 1400 sensum
1086 1347 1172 1402 non
1190 1323 1309 1408 eadit.
1336 1331 1435 1450 Qu
1448 1336 1528 1416 cir.

166 1433 315 1522 casatis
326 1426 524 1550 superque
539 1429 757 1527 habemus,
775 1424 892 1546 qubd
911 1435 1111 1518 moventis
1127 1439 1231 1522 vires
1242 1465 1291 1522 ac
1305 1444 1530 1548 molismo.
1611 1529 1614 1536 ,

167 1551 302 1638 vendat
320 1548 479 1664 pondus
500 1573 731 1662 reputantes
752 1549 809 1630 ita
822 1550 930 1629 inter
949 1543 989 1632 se
1017 1547 1296 1651 conferamus,
1319 1583 1365 1638 ut
1382 1561 1529 1650 virium

164 1665 411 1752 imbecillitas
423 1661 607 1748 adhibita
619 1659 813 1748 machini
823 1658 1097 1760 convalescat,
1113 1673 1155 1750 δι
1170 1677 1412 1780 repugnanti
1425 1705 1526 1760 one·

163 1787 210 1868 ris
223 1783 409 1894 gravitati
428 1809 512 1862 non
527 1769 838 1874 relistatmodb,
854 1773 922 1865 sed
939 1786 980 1864 ὅ(
991 1777 1174 1891 praestaro
1186 1783 1320 1898 poffit,
1334 1785 1444 1875 nulla
1457 1821 1530 1878 aut
1609 1847 1613 1858 ·

161 1897 235 1984 loci
251 1925 324 1982 aut
339 1900 439 1982 a'e'ris
457 1895 598 1980 habita
616 1899 784 1982 ratione.

214 2010 371 2104 Verum
388 2007 512 2128 quam
528 2008 647 2096 facilc
665 2009 724 2096 est
754 2013 930 2126 corporis
955 2015 1193 2124 gravitatem
1214 2011 1311 2102 clun
1330 2047 1381 2103 ex
1394 2049 1526 2108 mate*

161 2134 221 2214 ria
240 2127 395 2240 specie,
422 2126 511 2213 tlrm
525 2155 576 2212 ex
604 2124 720 2212 molis
733 2127 1015 2237 magnitudIne
1032 2127 1297 2257 investigaret
1312 2129 1395 2219 tim
1417 2139 1527 2223 mu-

160 2249 204 2330 tis
226 2241 534 2330 difficultatibus
569 2243 764 2355 impedita
804 2271 866 2326 res
901 2243 995 2340 est,
1037 2243 1410 2335 srcnatninandum
1451 2254 1525 2356 stt,

160 2357 354 2476 quantiam
364 2387 415 2444 ex
428 2352 1185 2470 mutuocorporumsecontingentium
1195 2366 1291 2444 tritu
1302 2367 1529 2454 retardetur

158 2505 312 2561 motus:
331 2477 533 2558 nonenim
544 2469 722 2587 quisquis
734 2469 960 2585 pendulum
977 2476 1021 2556 in
1038 2481 1130 2559 abre
1150 2479 1309 2590 majoris
1321 2509 1524 2597 campana

157 2591 341 2679 malleum
353 2583 517 2704 potesta
533 2584 823 2704 perpendiculo
835 2587 1042 2674 dimovere
1055 2649 1067 2686 ,
1082 2619 1221 2674 earum
1232 2591 1292 2676 est
1304 2597 1464 2694 virium,
1478 2627 1524 2683 ut

157 2707 265 2792 illum
286 2712 435 2821 pariter
458 2709 502 2788 in
515 2705 618 2788 terrai
628 2707 834 2816 jacentem
853 2699 1077 2817 propellere
1091 2703 1248 2789 valeat:
1269 2717 1309 2792 δι
1327 2711 1524 2798 decennis

157 2853 250 2940 puer
266 2847 428 2935 arrepto
444 2819 543 2904 fune
568 2817 762 2928 illigatam
783 2817 990 2930 cymbam,
1005 2817 1408 2916 modiee'fluetuante
1428 2826 1520 2930 salo,
1636 2895 1639 2902 .

157 2941 203 3023 ad
216 2936 254 3030 se
273 2936 419 3029 trahitr
434 2963 558 3047 quam
570 2938 666 3030 vix,
686 2959 756 3015 aut
765 2961 821 3035 ne
834 2937 901 3018 vix
916 2933 1083 3047 quidem
1099 2983 1117 3032 ‚=
1133 2933 1364 3022 robustioris
1381 2939 1531 3029 lacerti.

159 3048 511 3152 virdimoveat‚ubi
522 3044 686 3134 arenoso
700 3043 1138 3136 radoinsederittcum
1148 3077 1285 3138 nmen
1296 3055 1438 3141 cadem
1449 3087 1520 3144 aut

157 3167 291 3280 ligneae
313 3166 467 3282 cymbae
495 3192 566 3248 aut
592 3163 725 3249 ferreo
750 3161 897 3250 malleo
927 3168 1100 3275 gravitas
1118 3170 1256 3251 innata
1274 3197 1518 3284 permaneat.
1613 3175 1616 3186 '

156 3285 219 3371 Est
230 3311 368 3369 autem
381 3281 469 3368 tiam
482 3279 647 3394 subjeeti
658 3284 834 3392 corporis
846 3277 1108 3380 consistentis,
1124 3280 1212 3368 tlrm
1230 3285 1400 3398 impositi
1416 3319 1517 3374 one-

157 3405 204 3483 ris
223 3399 419 3484 movendi·
442 3394 670 3510 superficies
696 3393 934 3511 speclanda,
957 3393 1219 3510 quatenus-se
1235 3405 1517 3514 contingunt:

157 3519 258 3602 Nam
284 3515 313 3600 st
336 3513 541 3630 lapideum
558 3508 726 3624 globum
745 3512 884 3624 pondo
905 3542 981 3598 roo
1007 3516 1051 3593 in
1068 3511 1234 3626 planitie
1253 3516 1519 3606 constitutum

157 3663 233 3716 non
249 3657 379 3715 rotare
391 3629 536 3725 modo,
553 3627 620 3712 led
631 3635 672 3712 δι
687 3625 795 3710 reela
807 3654 952 3738 urgere
963 3628 1098 3740 pollis,
1113 3657 1196 3710 non
1208 3631 1350 3715 itidem
1364 3635 1516 3721 cubum
1594 3679 1595 3682 Ν

155 3749 324 3863 pondere
344 3773 482 3860 parem
500 3753 541 3829 δι
562 3738 728 3826 materia
755 3737 923 3825 similem
945 3742 1089 3856 aequali
1113 3742 1306 3837 facilitate
1329 3747 1517 3858 urgebis5

155 3869 242 3977 quia
254 3861 404 3946 scilicet
422 3857 567 3970 globus
586 3854 809 3942 tenuiffima
832 3853 890 3940 sui
909 3885 1021 3972 parte
1047 3853 1288 3974 suppofitam
1305 3861 1519 3976 planitiem

156 3983 387 4091 contingens
407 3979 543 4060 minus
566 3975 726 4057 invenit
750 3973 1033 4088 impedimenti
1060 4003 1111 4059 cx
1132 3976 1317 4088 proximi
1347 3973 1515 4090 subjecli
1620 3980 1624 3988 “

156 4099 321 4209 corporis
330 4087 648 4206 asperitate‚quae
658 4087 903 4200 prominulas
912 4089 1085 4206 impositi
1101 4089 1213 4200 globi
1226 4091 1439 4205 particulas
1450 4127 1515 4180 re·

154 4205 534 4302 moretur3·at,'cubus
546 4202 670 4316 longit
684 4203 865 4319 pluribus
875 4201 933 4288 sui
945 4205 1126 4321 partibus
1135 4205 1256 4320 plano
1264 4207 1514 4310 adhaerenat-

155 4353 229 4440 que
244 4321 347 4410 adeb
367 4321 633 4436 multiplicati
650 4323 824 4433 partium
838 4320 960 4434 hujus
973 4326 1018 4404 in
1028 4319 1134 4405 illius
1151 4345 1281 4436 partes
1295 4325 1513 4410 incurren-

155 4435 1513 4551 tiumresrstentilungeriquoquemovendldifficultatenccelli:est.

207 4558 410 4673 Qroniam
428 4548 529 4638 verb
549 4551 905 4669 obtinerinequit,
920 4581 1195 4666 etcorporum
1208 4548 1245 4638 se.
1264 4558 1518 4667 contingen-

155 4675 250 4760 tium
261 4669 490 4786 suptrlicies
505 4667 584 4756 srnt
602 4673 808 4758 continuo
830 4668 977 4774 latore
998 4667 1190 4784 lubrica,
1213 4695 1352 4753 tarum
1373 4699 1515 4762 aurem

577 4817 582 4828 ·
1284 4781 1554 4899 asperitatem
