<?xml version="1.0" encoding="UTF-8"?>
<!DOCTYPE html PUBLIC "-//W3C//DTD XHTML 1.0 Transitional//EN"
    "http://www.w3.org/TR/xhtml1/DTD/xhtml1-transitional.dtd">
<html xmlns="http://www.w3.org/1999/xhtml" xml:lang="en" lang="en">
 <head>
  <title>
</title>
<meta http-equiv="Content-Type" content="text/html;charset=utf-8" />
  <meta name='ocr-system' content='tesseract 3.04.00' />
  <meta name='ocr-capabilities' content='ocr_page ocr_carea ocr_par ocr_line ocrx_word'/>
</head>
<body>
  <div class='ocr_page' id='page_1' title='image "./rppaulicasatipl00casagoog_0178.png"; bbox 0 0 3818 5264; ppageno 0'>
   <div class='ocr_carea' id='block_1_1' title="bbox 463 148 1558 370">
    <p class='ocr_par' dir='ltr' id='par_1_1' title="bbox 463 148 1558 370">
     <span class='ocr_line' id='line_1_1' title="bbox 463 148 1558 370; baseline 0.008 -40"><span class='ocrx_word' id='word_1_1' title='bbox 463 174 900 366; x_wconf 65' lang='lat' dir='ltr'><strong>transeundus:</strong></span> <span class='ocrx_word' id='word_1_2' title='bbox 941 148 1153 340; x_wconf 70' lang='lat' dir='ltr'><strong>mnu</strong></span> <span class='ocrx_word' id='word_1_3' title='bbox 1182 220 1288 332; x_wconf 87' lang='lat'>111.</span> <span class='ocrx_word' id='word_1_4' title='bbox 1457 225 1558 370; x_wconf 69' lang='lat' dir='ltr'><strong>tn</strong></span> 
     </span>
    </p>
   </div>
   <div class='ocr_carea' id='block_1_2' title="bbox 182 379 1567 614">
    <p class='ocr_par' dir='ltr' id='par_1_2' title="bbox 182 379 1567 614">
     <span class='ocr_line' id='line_1_2' title="bbox 184 379 1567 504; baseline 0.007 -36"><span class='ocrx_word' id='word_1_5' title='bbox 184 397 414 469; x_wconf 71' lang='lat' dir='ltr'><strong>remorum?</strong></span> <span class='ocrx_word' id='word_1_6' title='bbox 429 379 501 464; x_wconf 83' lang='lat' dir='ltr'><strong>nist</strong></span> <span class='ocrx_word' id='word_1_7' title='bbox 515 381 614 496; x_wconf 80' lang='lat' dir='ltr'><strong>quia</strong></span> <span class='ocrx_word' id='word_1_8' title='bbox 625 383 761 480; x_wconf 85' lang='lat' dir='ltr'><strong>navis,</strong></span> <span class='ocrx_word' id='word_1_9' title='bbox 780 383 904 466; x_wconf 88' lang='lat' dir='ltr'><strong>etiam</strong></span> <span class='ocrx_word' id='word_1_10' title='bbox 918 379 1031 466; x_wconf 90' lang='lat' dir='ltr'><strong>nullo</strong></span> <span class='ocrx_word' id='word_1_11' title='bbox 1046 379 1358 497; x_wconf 86' lang='lat' dir='ltr'><strong>impellente‚vi</strong></span> <span class='ocrx_word' id='word_1_12' title='bbox 1373 384 1567 504; x_wconf 63' lang='lat' dir='ltr'><strong>impressu</strong></span> 
     </span>
     <span class='ocr_line' id='line_1_3' title="bbox 182 491 1562 614; baseline 0.01 -35"><span class='ocrx_word' id='word_1_13' title='bbox 182 523 364 611; x_wconf 85' lang='lat' dir='ltr'><strong>urgetur.</strong></span> <span class='ocrx_word' id='word_1_14' title='bbox 411 497 529 610; x_wconf 78' lang='lat' dir='ltr'><strong>Qtid</strong></span> <span class='ocrx_word' id='word_1_15' title='bbox 547 496 716 582; x_wconf 83' lang='lat' dir='ltr'><strong>rhedam</strong></span> <span class='ocrx_word' id='word_1_16' title='bbox 728 491 846 582; x_wconf 88' lang='lat' dir='ltr'><strong>cursu</strong></span> <span class='ocrx_word' id='word_1_17' title='bbox 861 497 1110 612; x_wconf 73' lang='lat' dir='ltr'><strong>procedente</strong></span> <span class='ocrx_word' id='word_1_18' title='bbox 1124 496 1281 584; x_wconf 74' lang='lat' dir='ltr'><strong>facilius</strong></span> <span class='ocrx_word' id='word_1_19' title='bbox 1294 501 1418 614; x_wconf 73' lang='lat' dir='ltr'><strong>quim</strong></span> <span class='ocrx_word' id='word_1_20' title='bbox 1432 503 1562 593; x_wconf 63' lang='lat' dir='ltr'><strong>‘initib</strong></span> 
     </span>
    </p>
   </div>
   <div class='ocr_carea' id='block_1_3' title="bbox 183 608 1800 732">
    <p class='ocr_par' dir='ltr' id='par_1_3' title="bbox 183 608 1800 732">
     <span class='ocr_line' id='line_1_4' title="bbox 183 608 1800 732; baseline 0.006 -36"><span class='ocrx_word' id='word_1_21' title='bbox 183 639 416 727; x_wconf 82' lang='lat' dir='ltr'><strong>promovet,</strong></span> <span class='ocrx_word' id='word_1_22' title='bbox 439 613 556 732; x_wconf 86' lang='lat' dir='ltr'><strong>equis</strong></span> <span class='ocrx_word' id='word_1_23' title='bbox 577 608 676 696; x_wconf 74' lang='lat' dir='ltr'><strong>licet</strong></span> <span class='ocrx_word' id='word_1_24' title='bbox 694 609 926 725; x_wconf 87' lang='lat' dir='ltr'>languidius</span> <span class='ocrx_word' id='word_1_25' title='bbox 949 612 1290 697; x_wconf 72' lang='lat' dir='ltr'><strong>connitentibus?</strong></span> <span class='ocrx_word' id='word_1_26' title='bbox 1312 615 1435 706; x_wconf 73' lang='lat' dir='ltr'><strong>bluve</strong></span> <span class='ocrx_word' id='word_1_27' title='bbox 1455 638 1560 705; x_wconf 73' lang='lat' dir='ltr'><strong>onus</strong></span> <span class='ocrx_word' id='word_1_28' title='bbox 1693 655 1700 672; x_wconf 70' lang='lat'><strong><em>¹</em></strong></span> <span class='ocrx_word' id='word_1_29' title='bbox 1794 611 1800 618; x_wconf 70' lang='grc'><strong>’</strong></span> 
     </span>
    </p>
   </div>
   <div class='ocr_carea' id='block_1_4' title="bbox 155 726 1659 3752">
    <p class='ocr_par' dir='ltr' id='par_1_4' title="bbox 155 726 1659 3752">
     <span class='ocr_line' id='line_1_5' title="bbox 180 726 1560 842; baseline 0.006 -30"><span class='ocrx_word' id='word_1_30' title='bbox 180 726 349 841; x_wconf 80' lang='lat' dir='ltr'><strong>aliquod</strong></span> <span class='ocrx_word' id='word_1_31' title='bbox 371 731 517 839; x_wconf 86' lang='lat' dir='ltr'><strong>ingens</strong></span> <span class='ocrx_word' id='word_1_32' title='bbox 536 727 840 842; x_wconf 88' lang='lat' dir='ltr'><strong>protrudentes,</strong></span> <span class='ocrx_word' id='word_1_33' title='bbox 856 756 927 812; x_wconf 86' lang='lat' dir='ltr'><strong>aut</strong></span> <span class='ocrx_word' id='word_1_34' title='bbox 949 729 1156 814; x_wconf 83' lang='lat' dir='ltr'><strong>trahentes</strong></span> <span class='ocrx_word' id='word_1_35' title='bbox 1181 727 1265 813; x_wconf 89' lang='lat' dir='ltr'><strong>hoc</strong></span> <span class='ocrx_word' id='word_1_36' title='bbox 1286 732 1465 818; x_wconf 72' lang='lat' dir='ltr'><strong>maxime</strong></span> <span class='ocrx_word' id='word_1_37' title='bbox 1488 764 1560 820; x_wconf 83' lang='lat' dir='ltr'><strong>ca·</strong></span> 
     </span>
     <span class='ocr_line' id='line_1_6' title="bbox 182 840 1562 961; baseline 0.005 -33"><span class='ocrx_word' id='word_1_38' title='bbox 182 868 305 941; x_wconf 88' lang='lat' dir='ltr'><strong>vent,</strong></span> <span class='ocrx_word' id='word_1_39' title='bbox 323 872 376 928; x_wconf 87' lang='lat' dir='ltr'><strong>ne</strong></span> <span class='ocrx_word' id='word_1_40' title='bbox 399 845 708 928; x_wconf 87' lang='lat' dir='ltr'><strong>contentionem</strong></span> <span class='ocrx_word' id='word_1_41' title='bbox 728 840 837 928; x_wconf 80' lang='lat' dir='ltr'><strong>illam</strong></span> <span class='ocrx_word' id='word_1_42' title='bbox 860 847 976 958; x_wconf 87' lang='lat' dir='ltr'><strong>quies</strong></span> <span class='ocrx_word' id='word_1_43' title='bbox 997 847 1289 959; x_wconf 86' lang='lat' dir='ltr'><strong>interrumpat,</strong></span> <span class='ocrx_word' id='word_1_44' title='bbox 1310 847 1562 961; x_wconf 62' lang='lat' dir='ltr'><strong>experiendi</strong></span> 
     </span>
     <span class='ocr_line' id='line_1_7' title="bbox 181 954 1560 1076; baseline 0.007 -34"><span class='ocrx_word' id='word_1_45' title='bbox 181 954 273 1043; x_wconf 85' lang='lat' dir='ltr'><strong>satis</strong></span> <span class='ocrx_word' id='word_1_46' title='bbox 291 959 427 1046; x_wconf 66' lang='lat' dir='ltr'><strong>edoni</strong></span> <span class='ocrx_word' id='word_1_47' title='bbox 439 962 656 1043; x_wconf 82' lang='lat' dir='ltr'><strong>incitatum</strong></span> <span class='ocrx_word' id='word_1_48' title='bbox 668 954 788 1044; x_wconf 89' lang='lat' dir='ltr'><strong>semel</strong></span> <span class='ocrx_word' id='word_1_49' title='bbox 800 962 948 1043; x_wconf 86' lang='lat' dir='ltr'><strong>minori</strong></span> <span class='ocrx_word' id='word_1_50' title='bbox 965 956 1112 1046; x_wconf 85' lang='lat' dir='ltr'><strong>labore</strong></span> <span class='ocrx_word' id='word_1_51' title='bbox 1120 956 1560 1076; x_wconf 68' lang='lat' dir='ltr'><strong>propelliqudmcom-</strong></span> 
     </span>
     <span class='ocr_line' id='line_1_8' title="bbox 180 1069 1562 1196; baseline 0.005 -34"><span class='ocrx_word' id='word_1_52' title='bbox 180 1077 337 1162; x_wconf 85' lang='lat' dir='ltr'><strong>moveri</strong></span> <span class='ocrx_word' id='word_1_53' title='bbox 355 1069 598 1189; x_wconf 66' lang='lat' dir='ltr'><strong>quiescens?</strong></span> <span class='ocrx_word' id='word_1_54' title='bbox 617 1073 691 1166; x_wconf 81' lang='lat' dir='ltr'><strong>nist</strong></span> <span class='ocrx_word' id='word_1_55' title='bbox 714 1077 810 1189; x_wconf 85' lang='lat' dir='ltr'><strong>quin</strong></span> <span class='ocrx_word' id='word_1_56' title='bbox 827 1073 1005 1189; x_wconf 87' lang='lat' dir='ltr'><strong>reliquus</strong></span> <span class='ocrx_word' id='word_1_57' title='bbox 1028 1103 1079 1160; x_wconf 90' lang='lat' dir='ltr'><strong>ex</strong></span> <span class='ocrx_word' id='word_1_58' title='bbox 1100 1079 1232 1192; x_wconf 90' lang='lat' dir='ltr'><strong>priore</strong></span> <span class='ocrx_word' id='word_1_59' title='bbox 1249 1103 1367 1160; x_wconf 91' lang='lat' dir='ltr'><strong>motu</strong></span> <span class='ocrx_word' id='word_1_60' title='bbox 1384 1083 1562 1196; x_wconf 75' lang='lat' dir='ltr'><strong>Impetus</strong></span> 
     </span>
     <span class='ocr_line' id='line_1_9' title="bbox 178 1185 1659 1306; baseline 0.007 -32"><span class='ocrx_word' id='word_1_61' title='bbox 178 1191 319 1276; x_wconf 88' lang='lat' dir='ltr'><strong>adhuc</strong></span> <span class='ocrx_word' id='word_1_62' title='bbox 331 1185 591 1304; x_wconf 83' lang='lat' dir='ltr'><strong>perseverans</strong></span> <span class='ocrx_word' id='word_1_63' title='bbox 603 1187 865 1303; x_wconf 86' lang='lat' dir='ltr'><strong>posteriorem</strong></span> <span class='ocrx_word' id='word_1_64' title='bbox 878 1215 1036 1274; x_wconf 89' lang='lat' dir='ltr'><strong>motum</strong></span> <span class='ocrx_word' id='word_1_65' title='bbox 1048 1194 1175 1306; x_wconf 88' lang='lat' dir='ltr'><strong>juvat.</strong></span> <span class='ocrx_word' id='word_1_66' title='bbox 1214 1191 1314 1276; x_wconf 89' lang='lat' dir='ltr'><strong>Hoc</strong></span> <span class='ocrx_word' id='word_1_67' title='bbox 1332 1218 1469 1280; x_wconf 85' lang='lat' dir='ltr'><strong>tamen</strong></span> <span class='ocrx_word' id='word_1_68' title='bbox 1486 1201 1563 1288; x_wconf 76' lang='lat' dir='ltr'><strong>tria</strong></span> <span class='ocrx_word' id='word_1_69' title='bbox 1652 1241 1659 1253; x_wconf 64' lang='lat'>¹</span> 
     </span>
     <span class='ocr_line' id='line_1_10' title="bbox 180 1299 1559 1422; baseline 0.004 -30"><span class='ocrx_word' id='word_1_70' title='bbox 180 1306 269 1392; x_wconf 75' lang='lat' dir='ltr'><strong>baec</strong></span> <span class='ocrx_word' id='word_1_71' title='bbox 291 1301 516 1403; x_wconf 83' lang='lat' dir='ltr'><strong>differunt,</strong></span> <span class='ocrx_word' id='word_1_72' title='bbox 533 1303 650 1420; x_wconf 85' lang='lat' dir='ltr'><strong>qubd</strong></span> <span class='ocrx_word' id='word_1_73' title='bbox 666 1334 797 1403; x_wconf 77' lang='lat' dir='ltr'><strong>onm,</strong></span> <span class='ocrx_word' id='word_1_74' title='bbox 816 1299 1058 1394; x_wconf 83' lang='lat' dir='ltr'><strong>cellantibus</strong></span> <span class='ocrx_word' id='word_1_75' title='bbox 1075 1309 1150 1403; x_wconf 81' lang='lat' dir='ltr'><strong>iis,</strong></span> <span class='ocrx_word' id='word_1_76' title='bbox 1168 1308 1240 1420; x_wconf 86' lang='lat' dir='ltr'><strong>qui</strong></span> <span class='ocrx_word' id='word_1_77' title='bbox 1253 1309 1559 1422; x_wconf 83' lang='lat' dir='ltr'><strong>protrudebant,</strong></span> 
     </span>
     <span class='ocr_line' id='line_1_11' title="bbox 177 1415 1559 1540; baseline 0.006 -34"><span class='ocrx_word' id='word_1_78' title='bbox 177 1417 361 1506; x_wconf 77' lang='lat' dir='ltr'><strong>consistit</strong></span> <span class='ocrx_word' id='word_1_79' title='bbox 378 1415 493 1506; x_wconf 80' lang='lat' dir='ltr'><strong>illicb</strong></span> <span class='ocrx_word' id='word_1_80' title='bbox 515 1421 613 1517; x_wconf 85' lang='lat' dir='ltr'><strong>(nifi</strong></span> <span class='ocrx_word' id='word_1_81' title='bbox 632 1418 740 1506; x_wconf 71' lang='lat' dir='ltr'><strong>forte</strong></span> <span class='ocrx_word' id='word_1_82' title='bbox 764 1417 1060 1506; x_wconf 85' lang='lat' dir='ltr'><strong>volubilitatem</strong></span> <span class='ocrx_word' id='word_1_83' title='bbox 1078 1419 1263 1520; x_wconf 78' lang='lat' dir='ltr'><strong>habent,</strong></span> <span class='ocrx_word' id='word_1_84' title='bbox 1284 1451 1356 1507; x_wconf 89' lang='lat' dir='ltr'><strong>aut</strong></span> <span class='ocrx_word' id='word_1_85' title='bbox 1373 1421 1559 1540; x_wconf 72' lang='lat' dir='ltr'><strong>subjedir</strong></span> 
     </span>
     <span class='ocr_line' id='line_1_12' title="bbox 178 1533 1562 1654; baseline 0.006 -32"><span class='ocrx_word' id='word_1_86' title='bbox 178 1535 374 1649; x_wconf 69' lang='lat' dir='ltr'><strong>cylindris</strong></span> <span class='ocrx_word' id='word_1_87' title='bbox 404 1539 617 1636; x_wconf 84' lang='lat' dir='ltr'><strong>innixum,</strong></span> <span class='ocrx_word' id='word_1_88' title='bbox 640 1535 778 1624; x_wconf 84' lang='lat' dir='ltr'><strong>adbuc</strong></span> <span class='ocrx_word' id='word_1_89' title='bbox 795 1533 1004 1622; x_wconf 87' lang='lat' dir='ltr'><strong>modicum</strong></span> <span class='ocrx_word' id='word_1_90' title='bbox 1058 1535 1129 1622; x_wconf 88' lang='lat' dir='ltr'><strong>uid</strong></span> <span class='ocrx_word' id='word_1_91' title='bbox 1145 1533 1254 1620; x_wconf 90' lang='lat' dir='ltr'><strong>volvi</strong></span> <span class='ocrx_word' id='word_1_92' title='bbox 1273 1565 1345 1622; x_wconf 89' lang='lat' dir='ltr'><strong>aut</strong></span> <span class='ocrx_word' id='word_1_93' title='bbox 1365 1542 1562 1654; x_wconf 85' lang='lat' dir='ltr'><strong>progredi</strong></span> 
     </span>
     <span class='ocr_line' id='line_1_13' title="bbox 179 1565 1556 1768; baseline 0.005 -32"><span class='ocrx_word' id='word_1_94' title='bbox 179 1656 345 1767; x_wconf 82' lang='lat' dir='ltr'><strong>pergat)</strong></span> <span class='ocrx_word' id='word_1_95' title='bbox 366 1651 493 1738; x_wconf 83' lang='lat' dir='ltr'><strong>rheda</strong></span> <span class='ocrx_word' id='word_1_96' title='bbox 504 1677 713 1738; x_wconf 79' lang='lat' dir='ltr'><strong>currentes</strong></span> <span class='ocrx_word' id='word_1_97' title='bbox 729 1681 860 1766; x_wconf 74' lang='lat' dir='ltr'><strong>equos</strong></span> <span class='ocrx_word' id='word_1_98' title='bbox 876 1644 1010 1737; x_wconf 67' lang='lat' dir='ltr'><strong>subiti</strong></span> <span class='ocrx_word' id='word_1_99' title='bbox 1027 1565 1193 1738; x_wconf 64' lang='lat' dir='ltr'><strong>lunium</strong></span> <span class='ocrx_word' id='word_1_100' title='bbox 1210 1649 1452 1768; x_wconf 87' lang='lat' dir='ltr'><strong>abruptione</strong></span> <span class='ocrx_word' id='word_1_101' title='bbox 1464 1661 1556 1743; x_wconf 66' lang='lat' dir='ltr'><strong>vdir-</strong></span> 
     </span>
     <span class='ocr_line' id='line_1_14' title="bbox 173 1761 1558 1886; baseline 0.007 -36"><span class='ocrx_word' id='word_1_102' title='bbox 173 1773 340 1882; x_wconf 73' lang='lat' dir='ltr'><strong>junstos</strong></span> <span class='ocrx_word' id='word_1_103' title='bbox 361 1764 543 1883; x_wconf 79' lang='lat' dir='ltr'><strong>sequitur</strong></span> <span class='ocrx_word' id='word_1_104' title='bbox 562 1769 616 1854; x_wconf 88' lang='lat' dir='ltr'><strong>ad</strong></span> <span class='ocrx_word' id='word_1_105' title='bbox 635 1761 764 1882; x_wconf 80' lang='lat' dir='ltr'><strong>pallus</strong></span> <span class='ocrx_word' id='word_1_106' title='bbox 782 1765 937 1881; x_wconf 86' lang='lat' dir='ltr'><strong>aliquot</strong></span> <span class='ocrx_word' id='word_1_107' title='bbox 963 1795 1048 1850; x_wconf 92' lang='lat' dir='ltr'><strong>non</strong></span> <span class='ocrx_word' id='word_1_108' title='bbox 1073 1762 1179 1852; x_wconf 85' lang='lat' dir='ltr'><strong>adeb</strong></span> <span class='ocrx_word' id='word_1_109' title='bbox 1194 1765 1360 1870; x_wconf 83' lang='lat' dir='ltr'><strong>¹multos</strong></span> <span class='ocrx_word' id='word_1_110' title='bbox 1384 1799 1459 1886; x_wconf 85' lang='lat' dir='ltr'><strong>pro</strong></span> <span class='ocrx_word' id='word_1_111' title='bbox 1482 1778 1558 1860; x_wconf 80' lang='lat' dir='ltr'><strong>viae</strong></span> 
     </span>
     <span class='ocr_line' id='line_1_15' title="bbox 175 1875 1557 1998; baseline 0.005 -30"><span class='ocrx_word' id='word_1_112' title='bbox 175 1881 452 1996; x_wconf 80' lang='lat' dir='ltr'><strong>aequabilitate</strong></span> <span class='ocrx_word' id='word_1_113' title='bbox 465 1875 1557 1998; x_wconf 74' lang='lat' dir='ltr'><strong>praeeedentisquevelocitatisrationernavigiumverb</strong></span> 
     </span>
     <span class='ocr_line' id='line_1_16' title="bbox 175 1993 1558 2118; baseline 0.004 -34"><span class='ocrx_word' id='word_1_114' title='bbox 175 1997 375 2106; x_wconf 74' lang='lat' dir='ltr'><strong>submiffis</strong></span> <span class='ocrx_word' id='word_1_115' title='bbox 383 2001 585 2098; x_wconf 82' lang='lat' dir='ltr'><strong>antennis,</strong></span> <span class='ocrx_word' id='word_1_116' title='bbox 596 1993 794 2111; x_wconf 82' lang='lat' dir='ltr'><strong>remisque</strong></span> <span class='ocrx_word' id='word_1_117' title='bbox 808 1993 1025 2082; x_wconf 79' lang='lat' dir='ltr'><strong>cellatione</strong></span> <span class='ocrx_word' id='word_1_118' title='bbox 1039 1994 1296 2112; x_wconf 88' lang='lat' dir='ltr'><strong>torpentibus</strong></span> <span class='ocrx_word' id='word_1_119' title='bbox 1305 2001 1558 2118; x_wconf 85' lang='lat' dir='ltr'><strong>aliquandiu,</strong></span> 
     </span>
     <span class='ocr_line' id='line_1_17' title="bbox 176 2092 1559 2228; baseline 0.001 -26"><span class='ocrx_word' id='word_1_120' title='bbox 176 2113 396 2202; x_wconf 82' lang='lat' dir='ltr'><strong>intervallo</strong></span> <span class='ocrx_word' id='word_1_121' title='bbox 409 2143 493 2198; x_wconf 91' lang='lat' dir='ltr'><strong>non</strong></span> <span class='ocrx_word' id='word_1_122' title='bbox 506 2110 1207 2228; x_wconf 66' lang='lat' dir='ltr'><strong>finecontemnendo,provehitur.r</strong></span> <span class='ocrx_word' id='word_1_123' title='bbox 1243 2092 1559 2223; x_wconf 77' lang='lat' dir='ltr'><strong>Onerisleilieet</strong></span> 
     </span>
     <span class='ocr_line' id='line_1_18' title="bbox 171 2228 1558 2343; baseline -0.006 -27"><span class='ocrx_word' id='word_1_124' title='bbox 171 2235 323 2329; x_wconf 87' lang='lat' dir='ltr'><strong>motui,</strong></span> <span class='ocrx_word' id='word_1_125' title='bbox 338 2234 408 2316; x_wconf 86' lang='lat' dir='ltr'><strong>cui</strong></span> <span class='ocrx_word' id='word_1_126' title='bbox 421 2228 719 2318; x_wconf 82' lang='lat' dir='ltr'><strong>volubilitatem</strong></span> <span class='ocrx_word' id='word_1_127' title='bbox 745 2257 879 2343; x_wconf 89' lang='lat' dir='ltr'><strong>neque</strong></span> <span class='ocrx_word' id='word_1_128' title='bbox 897 2255 972 2328; x_wconf 79' lang='lat' dir='ltr'><strong>ars,</strong></span> <span class='ocrx_word' id='word_1_129' title='bbox 983 2257 1128 2343; x_wconf 83' lang='lat' dir='ltr'><strong>neque</strong></span> <span class='ocrx_word' id='word_1_130' title='bbox 1144 2243 1287 2316; x_wconf 82' lang='lat' dir='ltr'><strong>natura</strong></span> <span class='ocrx_word' id='word_1_131' title='bbox 1298 2229 1469 2333; x_wconf 87' lang='lat' dir='ltr'><strong>dederit,</strong></span> <span class='ocrx_word' id='word_1_132' title='bbox 1479 2237 1558 2322; x_wconf 88' lang='lat' dir='ltr'><strong>im.</strong></span> 
     </span>
     <span class='ocr_line' id='line_1_19' title="bbox 167 2337 1557 2550; baseline 0.004 -118"><span class='ocrx_word' id='word_1_133' title='bbox 167 2349 416 2550; x_wconf 60' lang='lat' dir='ltr'><strong>parimento</strong></span> <span class='ocrx_word' id='word_1_134' title='bbox 433 2341 494 2430; x_wconf 88' lang='lat' dir='ltr'><strong>est</strong></span> <span class='ocrx_word' id='word_1_135' title='bbox 510 2341 593 2459; x_wconf 79' lang='lat' dir='ltr'><strong>ipsa</strong></span> <span class='ocrx_word' id='word_1_136' title='bbox 606 2347 836 2432; x_wconf 83' lang='lat' dir='ltr'><strong>extremitas</strong></span> <span class='ocrx_word' id='word_1_137' title='bbox 849 2337 984 2458; x_wconf 73' lang='lat' dir='ltr'><strong>aspen</strong></span> <span class='ocrx_word' id='word_1_138' title='bbox 999 2339 1215 2456; x_wconf 72' lang='lat' dir='ltr'><strong>subjeetum</strong></span> <span class='ocrx_word' id='word_1_139' title='bbox 1231 2342 1441 2460; x_wconf 87' lang='lat' dir='ltr'><strong>planitiem</strong></span> <span class='ocrx_word' id='word_1_140' title='bbox 1457 2347 1557 2436; x_wconf 72' lang='lat' dir='ltr'><strong>lale·</strong></span> 
     </span>
     <span class='ocr_line' id='line_1_20' title="bbox 177 2457 1557 2580; baseline 0.003 -32"><span class='ocrx_word' id='word_1_141' title='bbox 177 2487 179 2492; x_wconf 90' lang='grc'><strong><em>·</em></strong></span> <span class='ocrx_word' id='word_1_142' title='bbox 209 2468 262 2548; x_wconf 90' lang='lat' dir='ltr'><strong>ris</strong></span> <span class='ocrx_word' id='word_1_143' title='bbox 277 2457 531 2580; x_wconf 79' lang='lat' dir='ltr'><strong>quanddque</strong></span> <span class='ocrx_word' id='word_1_144' title='bbox 545 2489 631 2547; x_wconf 88' lang='lat' dir='ltr'><strong>non</strong></span> <span class='ocrx_word' id='word_1_145' title='bbox 651 2486 856 2547; x_wconf 85' lang='lat' dir='ltr'><strong>carentem</strong></span> <span class='ocrx_word' id='word_1_146' title='bbox 871 2463 1133 2572; x_wconf 88' lang='lat' dir='ltr'><strong>contingens,</strong></span> <span class='ocrx_word' id='word_1_147' title='bbox 1149 2457 1406 2577; x_wconf 62' lang='lat' dir='ltr'><strong>gravitalipue</strong></span> <span class='ocrx_word' id='word_1_148' title='bbox 1416 2469 1472 2550; x_wconf 82' lang='lat' dir='ltr'><strong>ita</strong></span> <span class='ocrx_word' id='word_1_149' title='bbox 1483 2495 1557 2552; x_wconf 81' lang='lat' dir='ltr'><strong>va-</strong></span> 
     </span>
     <span class='ocr_line' id='line_1_21' title="bbox 176 2570 1627 2696; baseline 0.001 -32"><span class='ocrx_word' id='word_1_150' title='bbox 176 2578 262 2666; x_wconf 72' lang='lat' dir='ltr'><strong>lide</strong></span> <span class='ocrx_word' id='word_1_151' title='bbox 271 2605 489 2694; x_wconf 85' lang='lat' dir='ltr'><strong>premens,</strong></span> <span class='ocrx_word' id='word_1_152' title='bbox 507 2603 557 2662; x_wconf 82' lang='lat' dir='ltr'><strong>ut</strong></span> <span class='ocrx_word' id='word_1_153' title='bbox 567 2577 696 2689; x_wconf 87' lang='lat' dir='ltr'><strong>major</strong></span> <span class='ocrx_word' id='word_1_154' title='bbox 709 2573 871 2662; x_wconf 85' lang='lat' dir='ltr'><strong>futurus</strong></span> <span class='ocrx_word' id='word_1_155' title='bbox 883 2570 981 2658; x_wconf 79' lang='lat' dir='ltr'><strong>e&#39;ffet</strong></span> <span class='ocrx_word' id='word_1_156' title='bbox 998 2578 1174 2689; x_wconf 84' lang='lat' dir='ltr'><strong>partium</strong></span> <span class='ocrx_word' id='word_1_157' title='bbox 1184 2580 1324 2672; x_wconf 60' lang='lat' dir='ltr'><strong>tritus„</strong></span> <span class='ocrx_word' id='word_1_158' title='bbox 1341 2575 1465 2692; x_wconf 72' lang='lat' dir='ltr'><strong>quim</strong></span> <span class='ocrx_word' id='word_1_159' title='bbox 1483 2609 1558 2696; x_wconf 91' lang='lat' dir='ltr'><strong>pro</strong></span> <span class='ocrx_word' id='word_1_160' title='bbox 1625 2605 1627 2610; x_wconf 88' lang='grc'><strong><em>·</em></strong></span> 
     </span>
     <span class='ocr_line' id='line_1_22' title="bbox 172 2683 1560 2812; baseline 0.002 -34"><span class='ocrx_word' id='word_1_161' title='bbox 172 2691 354 2812; x_wconf 69' lang='lat' dir='ltr'><strong>impetito</strong></span> <span class='ocrx_word' id='word_1_162' title='bbox 362 2693 509 2788; x_wconf 84' lang='lat' dir='ltr'><strong>modo,</strong></span> <span class='ocrx_word' id='word_1_163' title='bbox 523 2697 594 2807; x_wconf 90' lang='lat' dir='ltr'><strong>qui</strong></span> <span class='ocrx_word' id='word_1_164' title='bbox 611 2691 790 2806; x_wconf 86' lang='lat' dir='ltr'><strong>reliquus</strong></span> <span class='ocrx_word' id='word_1_165' title='bbox 800 2683 918 2788; x_wconf 85' lang='lat' dir='ltr'><strong>ellet,</strong></span> <span class='ocrx_word' id='word_1_166' title='bbox 930 2685 1106 2806; x_wconf 82' lang='lat' dir='ltr'><strong>superari</strong></span> <span class='ocrx_word' id='word_1_167' title='bbox 1114 2687 1243 2805; x_wconf 82' lang='lat' dir='ltr'><strong>pollet</strong></span> <span class='ocrx_word' id='word_1_168' title='bbox 1256 2727 1265 2774; x_wconf 73' lang='grc' dir='ltr'><strong><em>ε</em></strong></span> <span class='ocrx_word' id='word_1_169' title='bbox 1278 2693 1325 2778; x_wconf 91' lang='lat' dir='ltr'><strong>id</strong></span> <span class='ocrx_word' id='word_1_170' title='bbox 1339 2693 1450 2808; x_wconf 90' lang='lat' dir='ltr'><strong>quod</strong></span> <span class='ocrx_word' id='word_1_171' title='bbox 1465 2725 1560 2781; x_wconf 85' lang='lat' dir='ltr'><strong>cur·</strong></span> 
     </span>
     <span class='ocr_line' id='line_1_23' title="bbox 173 2801 1558 2924; baseline 0.002 -28"><span class='ocrx_word' id='word_1_172' title='bbox 173 2814 283 2896; x_wconf 88' lang='lat' dir='ltr'><strong>renti</strong></span> <span class='ocrx_word' id='word_1_173' title='bbox 316 2809 453 2896; x_wconf 87' lang='lat' dir='ltr'><strong>rbedae</strong></span> <span class='ocrx_word' id='word_1_174' title='bbox 482 2801 639 2892; x_wconf 84' lang='lat' dir='ltr'><strong>idcircb</strong></span> <span class='ocrx_word' id='word_1_175' title='bbox 665 2835 749 2892; x_wconf 86' lang='lat' dir='ltr'><strong>non</strong></span> <span class='ocrx_word' id='word_1_176' title='bbox 773 2815 1014 2918; x_wconf 67' lang='lat' dir='ltr'><strong>contingere</strong></span> <span class='ocrx_word' id='word_1_177' title='bbox 1037 2804 1205 2921; x_wconf 83' lang='lat' dir='ltr'><strong>planum</strong></span> <span class='ocrx_word' id='word_1_178' title='bbox 1228 2803 1320 2906; x_wconf 85' lang='lat' dir='ltr'><strong>est,</strong></span> <span class='ocrx_word' id='word_1_179' title='bbox 1347 2810 1558 2924; x_wconf 70' lang='lat' dir='ltr'><strong>quialicbt</strong></span> 
     </span>
     <span class='ocr_line' id='line_1_24' title="bbox 176 2917 1559 3042; baseline -0.001 -29"><span class='ocrx_word' id='word_1_180' title='bbox 176 2924 314 3014; x_wconf 81' lang='lat' dir='ltr'><strong>nihilo</strong></span> <span class='ocrx_word' id='word_1_181' title='bbox 333 2925 462 3042; x_wconf 80' lang='lat' dir='ltr'><strong>levior</strong></span> <span class='ocrx_word' id='word_1_182' title='bbox 477 2923 525 3006; x_wconf 82' lang='lat' dir='ltr'><strong>fit</strong></span> <span class='ocrx_word' id='word_1_183' title='bbox 544 2917 669 3038; x_wconf 79' lang='lat' dir='ltr'><strong>qualm</strong></span> <span class='ocrx_word' id='word_1_184' title='bbox 682 2943 785 3008; x_wconf 84' lang='lat' dir='ltr'><strong>onus</strong></span> <span class='ocrx_word' id='word_1_185' title='bbox 804 2917 1051 3037; x_wconf 76' lang='lat' dir='ltr'><strong>proemium,</strong></span> <span class='ocrx_word' id='word_1_186' title='bbox 1070 2922 1204 3010; x_wconf 76' lang='lat' dir='ltr'><strong>minius</strong></span> <span class='ocrx_word' id='word_1_187' title='bbox 1227 2927 1363 3012; x_wconf 82' lang='lat' dir='ltr'><strong>tamen</strong></span> <span class='ocrx_word' id='word_1_188' title='bbox 1379 2953 1559 3016; x_wconf 87' lang='lat' dir='ltr'><strong>rotarum</strong></span> 
     </span>
     <span class='ocr_line' id='line_1_25' title="bbox 172 3036 1557 3150; baseline -0.004 -19"><span class='ocrx_word' id='word_1_189' title='bbox 172 3039 348 3131; x_wconf 85' lang='lat' dir='ltr'><strong>modioli</strong></span> <span class='ocrx_word' id='word_1_190' title='bbox 360 3039 506 3124; x_wconf 87' lang='lat' dir='ltr'><strong>leniter</strong></span> <span class='ocrx_word' id='word_1_191' title='bbox 517 3068 612 3124; x_wconf 88' lang='lat' dir='ltr'><strong>eum</strong></span> <span class='ocrx_word' id='word_1_192' title='bbox 624 3037 766 3124; x_wconf 83' lang='lat' dir='ltr'><strong>axibus</strong></span> <span class='ocrx_word' id='word_1_193' title='bbox 786 3036 1055 3150; x_wconf 82' lang='lat' dir='ltr'><strong>confligentes</strong></span> <span class='ocrx_word' id='word_1_194' title='bbox 1068 3066 1226 3123; x_wconf 87' lang='lat' dir='ltr'><strong>motum</strong></span> <span class='ocrx_word' id='word_1_195' title='bbox 1239 3039 1452 3125; x_wconf 75' lang='lat' dir='ltr'><strong>retardant.</strong></span> <span class='ocrx_word' id='word_1_196' title='bbox 1498 3045 1557 3130; x_wconf 84' lang='lat' dir='ltr'><strong>At</strong></span> 
     </span>
     <span class='ocr_line' id='line_1_26' title="bbox 174 3153 1557 3271; baseline 0 -25"><span class='ocrx_word' id='word_1_197' title='bbox 174 3163 293 3246; x_wconf 85' lang='lat' dir='ltr'><strong>navis</strong></span> <span class='ocrx_word' id='word_1_198' title='bbox 307 3155 448 3271; x_wconf 89' lang='lat' dir='ltr'><strong>sponte</strong></span> <span class='ocrx_word' id='word_1_199' title='bbox 467 3153 536 3240; x_wconf 69' lang='lat' dir='ltr'><strong>sud</strong></span> <span class='ocrx_word' id='word_1_200' title='bbox 557 3157 769 3256; x_wconf 70' lang='lat' dir='ltr'><strong>innatans,</strong></span> <span class='ocrx_word' id='word_1_201' title='bbox 791 3181 1007 3241; x_wconf 83' lang='lat' dir='ltr'><strong>ventorum</strong></span> <span class='ocrx_word' id='word_1_202' title='bbox 1031 3153 1285 3252; x_wconf 85' lang='lat' dir='ltr'><strong>incurfione‚</strong></span> <span class='ocrx_word' id='word_1_203' title='bbox 1301 3155 1557 3246; x_wconf 75' lang='lat' dir='ltr'><strong>remorumve</strong></span> 
     </span>
     <span class='ocr_line' id='line_1_27' title="bbox 249 3265 1554 3383; baseline 0.002 -24"><span class='ocrx_word' id='word_1_204' title='bbox 249 3271 294 3359; x_wconf 92' lang='lat' dir='ltr'><strong>su</strong></span> <span class='ocrx_word' id='word_1_205' title='bbox 307 3269 461 3360; x_wconf 72' lang='lat' dir='ltr'><strong>diutins</strong></span> <span class='ocrx_word' id='word_1_206' title='bbox 473 3274 584 3368; x_wconf 73' lang='lat' dir='ltr'><strong>atta,</strong></span> <span class='ocrx_word' id='word_1_207' title='bbox 601 3275 692 3368; x_wconf 85' lang='lat' dir='ltr'><strong>vix,</strong></span> <span class='ocrx_word' id='word_1_208' title='bbox 708 3297 779 3354; x_wconf 84' lang='lat' dir='ltr'><strong>aut</strong></span> <span class='ocrx_word' id='word_1_209' title='bbox 791 3266 898 3354; x_wconf 68' lang='lat' dir='ltr'><strong>forte</strong></span> <span class='ocrx_word' id='word_1_210' title='bbox 910 3298 962 3352; x_wconf 87' lang='lat' dir='ltr'><strong>ne</strong></span> <span class='ocrx_word' id='word_1_211' title='bbox 979 3271 1046 3352; x_wconf 84' lang='lat' dir='ltr'><strong>vix</strong></span> <span class='ocrx_word' id='word_1_212' title='bbox 1068 3269 1258 3383; x_wconf 86' lang='lat' dir='ltr'><strong>quidem,</strong></span> <span class='ocrx_word' id='word_1_213' title='bbox 1277 3265 1384 3364; x_wconf 85' lang='lat' dir='ltr'><strong>mole</strong></span> <span class='ocrx_word' id='word_1_214' title='bbox 1405 3267 1475 3359; x_wconf 69' lang='lat' dir='ltr'><strong>sul</strong></span> <span class='ocrx_word' id='word_1_215' title='bbox 1489 3303 1554 3362; x_wconf 88' lang='lat' dir='ltr'><strong>re·</strong></span> 
     </span>
     <span class='ocr_line' id='line_1_28' title="bbox 193 3383 1594 3500; baseline 0.001 -25"><span class='ocrx_word' id='word_1_216' title='bbox 193 3395 374 3486; x_wconf 68' lang='lat' dir='ltr'><strong>udatur,</strong></span> <span class='ocrx_word' id='word_1_217' title='bbox 394 3387 466 3474; x_wconf 88' lang='lat' dir='ltr'><strong>nifi</strong></span> <span class='ocrx_word' id='word_1_218' title='bbox 489 3383 1158 3500; x_wconf 71' lang='lat' dir='ltr'><strong>quatenusdiffindendaestaquar</strong></span> <span class='ocrx_word' id='word_1_219' title='bbox 1172 3413 1248 3470; x_wconf 89' lang='lat' dir='ltr'><strong>nec</strong></span> <span class='ocrx_word' id='word_1_220' title='bbox 1262 3385 1556 3478; x_wconf 75' lang='lat' dir='ltr'><strong>finemtntofa-</strong></span> <span class='ocrx_word' id='word_1_221' title='bbox 1587 3467 1594 3486; x_wconf 87' lang='grc'><em>,</em></span> 
     </span>
     <span class='ocr_line' id='line_1_29' title="bbox 155 3501 1554 3620; baseline -0.001 -28"><span class='ocrx_word' id='word_1_222' title='bbox 155 3506 340 3603; x_wconf 75' lang='lat' dir='ltr'><strong>‚tilitatis</strong></span> <span class='ocrx_word' id='word_1_223' title='bbox 355 3502 625 3618; x_wconf 88' lang='lat' dir='ltr'><strong>compendio,</strong></span> <span class='ocrx_word' id='word_1_224' title='bbox 641 3505 751 3614; x_wconf 89' lang='lat' dir='ltr'><strong>prior</strong></span> <span class='ocrx_word' id='word_1_225' title='bbox 769 3501 968 3616; x_wconf 84' lang='lat' dir='ltr'><strong>fiquidem</strong></span> <span class='ocrx_word' id='word_1_226' title='bbox 987 3501 1120 3598; x_wconf 82' lang='lat' dir='ltr'><strong>unda,</strong></span> <span class='ocrx_word' id='word_1_227' title='bbox 1138 3529 1261 3613; x_wconf 86' lang='lat' dir='ltr'><strong>quam</strong></span> <span class='ocrx_word' id='word_1_228' title='bbox 1273 3529 1391 3616; x_wconf 82' lang='lat' dir='ltr'><strong>prora</strong></span> <span class='ocrx_word' id='word_1_229' title='bbox 1406 3505 1554 3620; x_wconf 88' lang='lat' dir='ltr'><strong>impel-</strong></span> 
     </span>
     <span class='ocr_line' id='line_1_30' title="bbox 175 3609 1553 3752; baseline -0.002 -44"><span class='ocrx_word' id='word_1_230' title='bbox 175 3621 263 3708; x_wconf 89' lang='lat' dir='ltr'><strong>lens</strong></span> <span class='ocrx_word' id='word_1_231' title='bbox 279 3622 457 3717; x_wconf 81' lang='lat' dir='ltr'><strong>excitat,</strong></span> <span class='ocrx_word' id='word_1_232' title='bbox 479 3616 602 3702; x_wconf 77' lang='lat' dir='ltr'><strong>aliam</strong></span> <span class='ocrx_word' id='word_1_233' title='bbox 619 3643 713 3701; x_wconf 89' lang='lat' dir='ltr'><strong>ante</strong></span> <span class='ocrx_word' id='word_1_234' title='bbox 734 3613 915 3752; x_wconf 51' lang='lat' dir='ltr'><strong>lesurget</strong></span> <span class='ocrx_word' id='word_1_235' title='bbox 931 3617 982 3700; x_wconf 89' lang='lat' dir='ltr'><strong>ad</strong></span> <span class='ocrx_word' id='word_1_236' title='bbox 997 3609 1155 3724; x_wconf 72' lang='lat' dir='ltr'><strong>eaffletn</strong></span> <span class='ocrx_word' id='word_1_237' title='bbox 1172 3645 1324 3732; x_wconf 82' lang='lat' dir='ltr'><strong>partes:</strong></span> <span class='ocrx_word' id='word_1_238' title='bbox 1342 3646 1553 3733; x_wconf 81' lang='lat' dir='ltr'><strong>propterea</strong></span> 
     </span>
    </p>
   </div>
   <div class='ocr_carea' id='block_1_5' title="bbox 176 3731 1732 3854">
    <p class='ocr_par' dir='ltr' id='par_1_5' title="bbox 176 3731 1732 3854">
     <span class='ocr_line' id='line_1_31' title="bbox 176 3731 1732 3854; baseline -0.004 -30"><span class='ocrx_word' id='word_1_239' title='bbox 176 3732 384 3854; x_wconf 84' lang='lat' dir='ltr'><strong>impreffus</strong></span> <span class='ocrx_word' id='word_1_240' title='bbox 406 3737 499 3818; x_wconf 87' lang='lat' dir='ltr'><strong>navi</strong></span> <span class='ocrx_word' id='word_1_241' title='bbox 526 3737 700 3847; x_wconf 73' lang='lat' dir='ltr'><strong>irnpetus</strong></span> <span class='ocrx_word' id='word_1_242' title='bbox 718 3731 927 3818; x_wconf 87' lang='lat' dir='ltr'><strong>modicum</strong></span> <span class='ocrx_word' id='word_1_243' title='bbox 955 3735 1094 3816; x_wconf 79' lang='lat' dir='ltr'><strong>nauus</strong></span> <span class='ocrx_word' id='word_1_244' title='bbox 1119 3733 1457 3846; x_wconf 88' lang='lat' dir='ltr'><strong>impedimentum</strong></span> <span class='ocrx_word' id='word_1_245' title='bbox 1479 3735 1553 3822; x_wconf 79' lang='lat' dir='ltr'><strong>diu</strong></span> <span class='ocrx_word' id='word_1_246' title='bbox 1585 3781 1592 3786; x_wconf 88' lang='lat'>·</span> <span class='ocrx_word' id='word_1_247' title='bbox 1717 3741 1732 3754; x_wconf 86' lang='grc'><strong>’“</strong></span> 
     </span>
    </p>
   </div>
   <div class='ocr_carea' id='block_1_6' title="bbox 166 3835 1575 4863">
    <p class='ocr_par' dir='ltr' id='par_1_6' title="bbox 171 3835 1553 4318">
     <span class='ocr_line' id='line_1_32' title="bbox 173 3835 1553 3963; baseline -0.004 -22"><span class='ocrx_word' id='word_1_248' title='bbox 173 3849 525 3962; x_wconf 73' lang='lat' dir='ltr'><strong>durat,illlrnque</strong></span> <span class='ocrx_word' id='word_1_249' title='bbox 535 3850 758 3963; x_wconf 79' lang='lat' dir='ltr'><strong>promovet.</strong></span> <span class='ocrx_word' id='word_1_250' title='bbox 790 3849 932 3962; x_wconf 79' lang='lat' dir='ltr'><strong>Qare</strong></span> <span class='ocrx_word' id='word_1_251' title='bbox 946 3846 1056 3932; x_wconf 88' lang='lat' dir='ltr'><strong>idem</strong></span> <span class='ocrx_word' id='word_1_252' title='bbox 1068 3845 1121 3954; x_wconf 81' lang='lat' dir='ltr'><strong>de</strong></span> <span class='ocrx_word' id='word_1_253' title='bbox 1134 3851 1292 3960; x_wconf 89' lang='lat' dir='ltr'><strong>impetu</strong></span> <span class='ocrx_word' id='word_1_254' title='bbox 1306 3835 1553 3936; x_wconf 69' lang='lat' dir='ltr'><strong>ex&#39;trinlecits</strong></span> 
     </span>
     <span class='ocr_line' id='line_1_33' title="bbox 176 3960 1551 4084; baseline -0.004 -29"><span class='ocrx_word' id='word_1_255' title='bbox 176 3964 373 4084; x_wconf 87' lang='lat' dir='ltr'><strong>allumpto</strong></span> <span class='ocrx_word' id='word_1_256' title='bbox 381 3966 605 4054; x_wconf 86' lang='lat' dir='ltr'><strong>dicendum</strong></span> <span class='ocrx_word' id='word_1_257' title='bbox 618 3961 681 4051; x_wconf 80' lang='lat' dir='ltr'><strong>est</strong></span> <span class='ocrx_word' id='word_1_258' title='bbox 695 4025 706 4060; x_wconf 88' lang='lat'>,</span> <span class='ocrx_word' id='word_1_259' title='bbox 721 3965 833 4079; x_wconf 84' lang='lat' dir='ltr'><strong>&#39;quod</strong></span> <span class='ocrx_word' id='word_1_260' title='bbox 843 3963 895 4048; x_wconf 86' lang='lat' dir='ltr'><strong>de</strong></span> <span class='ocrx_word' id='word_1_261' title='bbox 906 3963 1123 4076; x_wconf 69' lang='lat' dir='ltr'><strong>acquisitos</strong></span> <span class='ocrx_word' id='word_1_262' title='bbox 1137 3960 1468 4055; x_wconf 71' lang='lat' dir='ltr'><strong>nimltlunntinui</strong></span> <span class='ocrx_word' id='word_1_263' title='bbox 1476 3995 1551 4080; x_wconf 87' lang='lat' dir='ltr'><strong>pro</strong></span> 
     </span>
     <span class='ocr_line' id='line_1_34' title="bbox 173 4077 1551 4200; baseline -0.004 -28"><span class='ocrx_word' id='word_1_264' title='bbox 173 4085 531 4180; x_wconf 77' lang='lat' dir='ltr'><strong>Ratione-eorum,</strong></span> <span class='ocrx_word' id='word_1_265' title='bbox 547 4105 638 4197; x_wconf 81' lang='lat' dir='ltr'><strong>quae</strong></span> <span class='ocrx_word' id='word_1_266' title='bbox 649 4078 834 4166; x_wconf 92' lang='lat' dir='ltr'><strong>instituto</strong></span> <span class='ocrx_word' id='word_1_267' title='bbox 844 4082 975 4200; x_wconf 85' lang='lat' dir='ltr'><strong>motui</strong></span> <span class='ocrx_word' id='word_1_268' title='bbox 991 4077 1187 4164; x_wconf 74' lang='lat' dir='ltr'><strong>obsistunt</strong></span> <span class='ocrx_word' id='word_1_269' title='bbox 1198 4139 1210 4177; x_wconf 91' lang='lat'>,</span> <span class='ocrx_word' id='word_1_270' title='bbox 1221 4107 1291 4162; x_wconf 84' lang='lat' dir='ltr'><strong>aut</strong></span> <span class='ocrx_word' id='word_1_271' title='bbox 1301 4083 1422 4166; x_wconf 78' lang='lat' dir='ltr'><strong>«tiam</strong></span> <span class='ocrx_word' id='word_1_272' title='bbox 1434 4107 1551 4197; x_wconf 89' lang='lat' dir='ltr'><strong>pror-</strong></span> 
     </span>
     <span class='ocr_line' id='line_1_35' title="bbox 171 4201 398 4318; baseline -0.031 -26"><span class='ocrx_word' id='word_1_273' title='bbox 171 4201 238 4292; x_wconf 63' lang='grc' dir='ltr'><strong>σὴς</strong></span> <span class='ocrx_word' id='word_1_274' title='bbox 255 4202 398 4318; x_wconf 85' lang='lat' dir='ltr'><strong>petire.</strong></span> 
     </span>
    </p>

    <p class='ocr_par' dir='ltr' id='par_1_7' title="bbox 166 4305 1575 4863">
     <span class='ocr_line' id='line_1_36' title="bbox 231 4305 1549 4433; baseline 0.001 -35"><span class='ocrx_word' id='word_1_275' title='bbox 231 4323 441 4406; x_wconf 75' lang='lat' dir='ltr'><strong>Pmerea</strong></span> <span class='ocrx_word' id='word_1_276' title='bbox 453 4341 592 4402; x_wconf 84' lang='lat' dir='ltr'><strong>autem</strong></span> <span class='ocrx_word' id='word_1_277' title='bbox 604 4341 694 4430; x_wconf 85' lang='lat' dir='ltr'><strong>quae</strong></span> <span class='ocrx_word' id='word_1_278' title='bbox 706 4320 870 4433; x_wconf 86' lang='lat' dir='ltr'><strong>utrique</strong></span> <span class='ocrx_word' id='word_1_279' title='bbox 891 4315 1018 4398; x_wconf 89' lang='lat' dir='ltr'><strong>motui</strong></span> <span class='ocrx_word' id='word_1_280' title='bbox 1034 4307 1124 4400; x_wconf 79' lang='lat' dir='ltr'><strong>tltm</strong></span> <span class='ocrx_word' id='word_1_281' title='bbox 1144 4306 1338 4408; x_wconf 82' lang='lat' dir='ltr'><strong>naturali,</strong></span> <span class='ocrx_word' id='word_1_282' title='bbox 1354 4305 1441 4398; x_wconf 81' lang='lat' dir='ltr'><strong>tbtn</strong></span> <span class='ocrx_word' id='word_1_283' title='bbox 1458 4315 1549 4413; x_wconf 83' lang='lat' dir='ltr'><strong>vio-¹</strong></span> 
     </span>
     <span class='ocr_line' id='line_1_37' title="bbox 171 4425 1548 4548; baseline -0.003 -28"><span class='ocrx_word' id='word_1_284' title='bbox 171 4435 285 4520; x_wconf 88' lang='lat' dir='ltr'><strong>lento</strong></span> <span class='ocrx_word' id='word_1_285' title='bbox 296 4429 414 4548; x_wconf 75' lang='lat' dir='ltr'><strong>atque</strong></span> <span class='ocrx_word' id='word_1_286' title='bbox 433 4457 719 4546; x_wconf 84' lang='lat' dir='ltr'><strong>opponuntur,</strong></span> <span class='ocrx_word' id='word_1_287' title='bbox 740 4438 753 4528; x_wconf 91' lang='lat'>(</span> <span class='ocrx_word' id='word_1_288' title='bbox 764 4426 1059 4547; x_wconf 86' lang='lat' dir='ltr'><strong>cujusmodiest</strong></span> <span class='ocrx_word' id='word_1_289' title='bbox 1073 4425 1548 4532; x_wconf 84' lang='lat' dir='ltr'><strong>mediumdividendu&#39;m,</strong></span> 
     </span>
     <span class='ocr_line' id='line_1_38' title="bbox 169 4541 1548 4663; baseline -0.004 -29"><span class='ocrx_word' id='word_1_290' title='bbox 169 4551 320 4663; x_wconf 74' lang='lat' dir='ltr'><strong>objeui</strong></span> <span class='ocrx_word' id='word_1_291' title='bbox 339 4553 518 4661; x_wconf 82' lang='lat' dir='ltr'><strong>corporis</strong></span> <span class='ocrx_word' id='word_1_292' title='bbox 532 4541 724 4656; x_wconf 70' lang='lat' dir='ltr'><strong>occursus</strong></span> <span class='ocrx_word' id='word_1_293' title='bbox 742 4559 753 4646; x_wconf 83' lang='lat'><strong>‚¹</strong></span> <span class='ocrx_word' id='word_1_294' title='bbox 775 4578 845 4634; x_wconf 88' lang='lat' dir='ltr'><strong>aut</strong></span> <span class='ocrx_word' id='word_1_295' title='bbox 870 4545 1280 4654; x_wconf 76' lang='lat' dir='ltr'><strong>contingentis‘tritus</strong></span> <span class='ocrx_word' id='word_1_296' title='bbox 1300 4567 1425 4658; x_wconf 83' lang='lat' dir='ltr'><strong>utque</strong></span> <span class='ocrx_word' id='word_1_297' title='bbox 1445 4573 1548 4645; x_wconf 51' lang='lat' dir='ltr'><strong>conf</strong></span> 
     </span>
     <span class='ocr_line' id='line_1_39' title="bbox 166 4657 1575 4863; baseline -0.003 -109"><span class='ocrx_word' id='word_1_298' title='bbox 166 4666 329 4768; x_wconf 70' lang='lat' dir='ltr'><strong>flletus,</strong></span> <span class='ocrx_word' id='word_1_299' title='bbox 344 4657 1372 4863; x_wconf 46' lang='lat' dir='ltr'><strong>retinaculumquod-c‘ertoliniremotumdepnnt</strong></span> <span class='ocrx_word' id='word_1_300' title='bbox 1384 4719 1395 4758; x_wconf 90' lang='lat'>,</span> <span class='ocrx_word' id='word_1_301' title='bbox 1415 4669 1455 4747; x_wconf 79' lang='lat' dir='ltr'><strong>bc</strong></span> <span class='ocrx_word' id='word_1_302' title='bbox 1469 4660 1549 4750; x_wconf 75' lang='lat' dir='ltr'><strong>alia</strong></span> <span class='ocrx_word' id='word_1_303' title='bbox 1571 4667 1575 4674; x_wconf 83' lang='lat'>&#39;</span> 
     </span>
    </p>
   </div>
   <div class='ocr_carea' id='block_1_7' title="bbox 0 0 1914 5264">
    <p class='ocr_par' dir='ltr' id='par_1_8' title="bbox 0 0 1914 5264">
     <span class='ocr_line' id='line_1_40' title="bbox 0 0 1914 5264; baseline 0 3"><span class='ocrx_word' id='word_1_304' title='bbox 0 0 1914 5264; x_wconf 95' lang='lat' dir='ltr'><strong> </strong></span> 
     </span>
    </p>
   </div>
  </div>
 </body>
</html>
