3808 5262
240 331 244 338 ¹
509 202 665 320 Libet
681 211 876 328 terties.
911 202 1124 326 Carur
1151 222 1218 326 V.
1314 337 1326 359 ⁸
1440 259 1509 358 ²7
1518 259 1542 364 5

162 397 313 460 contra
339 365 554 458 clarumA
574 395 738 466 exentet
755 367 961 456 momenta
981 377 1112 458 totius
1138 377 1344 486 gravitatis
1360 377 1555 473 deorfiamr

164 490 364 584 nitentis,
385 490 485 574 &in
503 487 581 575 AL
602 487 844 600 impeditur,
863 517 910 572 ac
931 490 1360 576 retineturl'ecunditm
1383 482 1548 581 mensu·

164 635 255 688 ram
270 610 286 688 1
299 605 355 701 L,
369 603 441 688 fiat
458 631 505 686 ut
523 606 555 685 A
572 607 609 688 C
624 607 678 688 ad
693 609 710 688 Ι
723 605 779 700 L,
807 607 960 687 itatota
986 609 1160 714 gravitas
1179 609 1338 692 latntnae
1352 611 1404 694 ad
1423 603 1549 712 aliud,

164 731 213 806 ὅ(
237 718 416 836 prodibit
438 726 642 834 quantitas
665 725 950 832 gravitationia
970 749 1115 806 contra
1144 731 1419 825 retinentem,
1451 729 1550 812 rest-·

162 839 383 948 duumque
411 838 503 920 LM
524 845 601 922 erit
614 835 682 920 illa
699 840 913 948 gravitatio
926 897 939 935 ,
952 839 1344 954 quae·eonfidetanda
1359 839 1418 926 est
1441 847 1484 930 in
1499 843 1550 932 ed

163 953 368 1070 pofitione
389 951 583 1038 inclinata
602 956 699 1038 AL.
1145 1065 1147 1070 Α

230 1069 310 1154 Sed
331 1075 526 1184 quoniam
552 1073 634 1154 AL
668 1065 691 1153 ὲ
710 1099 850 1154 oentro
865 1063 1000 1156 motus
1019 1066 1302 1158 Adistantiam
1316 1071 1442 1158 habet
1467 1077 1547 1177 AI,

164 1187 441 1300 comparanda
453 1189 530 1275 erit
546 1186 633 1270 haec
648 1185 836 1269 distantia
848 1217 943 1270 cum
956 1184 1146 1270 distantia
1161 1183 1336 1301 oppositi
1350 1188 1483 1275 lateris
1498 1189 1548 1275 li-

165 1299 276 1400 btae,
297 1327 343 1386 ut
358 1300 585 1388 habeantur
602 1330 812 1386 momenta
826 1307 1014 1387 invicem
1029 1329 1269 1416 comparata.
1312 1297 1547 1394 Observan-

163 1418 270 1502 dum
287 1445 424 1501 tamen
444 1415 601 1504 estnon
619 1447 701 1500 rem
723 1419 892 1530 perinde
908 1413 946 1499 se
963 1415 1141 1516 habere,
1157 1447 1205 1503 ac
1224 1415 1353 1503 sttota
1367 1427 1546 1533 gravita-

165 1531 612 1618 tiolaminaeinclinatat
627 1534 709 1632 ΑΙ.
726 1533 852 1650 posita
864 1525 963 1618 elset
977 1537 1021 1616 in
1035 1533 1081 1630 L,
1089 1561 1212 1653 atque
1225 1529 1331 1638 adeo
1341 1539 1388 1620 in
1398 1537 1548 1627 distan-

164 1649 225 1734 tia
244 1653 283 1734 A
294 1641 338 1742 lt
357 1645 423 1738 sed
436 1653 531 1762 quia
546 1646 799 1734 distribuitur
815 1646 1037 1734 secundltm
1050 1646 1311 1762 totam‘ipsam
1323 1649 1545 1766 longitudi-

164 1795 267 1850 nem
292 1765 391 1862 AL,
411 1775 453 1850 δι
473 1783 616 1880 partes·
630 1769 866 1848 remotiores
890 1761 979 1882 plus
1003 1761 1156 1850 habeut
1182 1775 1403 1874 momenti,
1421 1772 1549 1883 quim

164 1883 536 1997 propiores-centro
547 1941 557 1978 ,
568 1875 685 1995 juxttl
706 1883 921 1965 Rationem
932 1877 1235 1978 distantiarum,
1253 1883 1464 1997 propterea
1480 1889 1550 1978 vel

164 2024 256 2082 tota
271 1999 447 2116 gravitas
463 1993 596 2080 lateris
617 1998 720 2094 AL,
736 2025 825 2110 qua:
839 1995 899 2087 est
919 1995 1035 2091 LM,
1052 1995 1318 2108 intelligenda
1330 1997 1390 2084 est
1402 2006 1447 2086 in
1460 2033 1549 2091 me..

163 2113 233 2198 diti
250 2110 439 2199 distantid
452 2115 559 2198 inter
577 2115 616 2196 A
631 2123 673 2198 δι
688 2118 729 2210 Ι,
744 2111 807 2226 vel
822 2107 977 2198 semiffis
990 2116 1268 2226 gravitationis
1281 2115 1358 2196 AL
1371 2175 1382 2212 ,
1395 2115 1475 2202 hoc
1487 2120 1548 2206 est

165 2224 327 2312 semiffis
344 2227 463 2342 ipfitts
482 2227 574 2310 LM
589 2289 601 2327 ,
616 2226 903 2338 intelligendus
914 2225 1027 2312 estin
1047 2231 1089 2326 l,
1108 2230 1453 2342 quemadmodum
1468 2229 1548 2320 ha.

162 2347 231 2457 jus
245 2344 338 2428 libri
354 2376 393 2448 3.
409 2371 495 2457 cap.
513 2343 789 2428 2.-di&umest
802 2371 929 2426 totam
941 2349 1179 2455 gravitatem
1200 2347 1288 2430 AD
1305 2345 1569 2462 irttelligena„

165 2463 264 2556 dam
278 2464 322 2542 in
332 2457 784 2565 mediddistantiAinter
812 2464 849 2545 A
872 2468 914 2544 δι
930 2462 998 2556 D,
1013 2486 1084 2542 aut
1095 2463 1182 2573 ejus
1198 2455 1393 2548 semillem
1416 2467 1460 2548 in
1474 2481 1552 2554 ett-

138 2575 372 2660 '.tremitate
403 2577 461 2658 D.
492 2578 691 2690 Qamvis
713 2584 850 2661 autem
867 2603 919 2658 ex
941 2572 1208 2660 inclinatione
1236 2577 1369 2668 CAL
1394 2585 1547 2670 oriatur

165 2690 360 2780 distantia
389 2693 480 2789 AI,
506 2690 595 2776 hae
624 2719 760 2777 tamen
789 2693 929 2775 venire
952 2693 1102 2804 pariter
1126 2694 1170 2776 in
1199 2699 1547 2808 computationem

165 2806 319 2903 debet,
339 2810 676 2922 quiaeomparari
698 2805 852 2892 debent
871 2805 961 2891 haec
984 2833 1191 2898 momenta
1213 2836 1308 2890 cum
1329 2817 1546 2903 momentis

164 2921 367 3010 distantiat
379 2921 581 3035 oppositae,
598 2952 687 3040 quat
699 2951 905 3008 momenta
921 2948 1068 3006 ortaex
1078 2919 1548 3022 Rationedistantt‘arum

53 3054 59 3066 ’
165 3039 313 3138 eadetb¹
338 3033 448 3133 sunt,
463 3035 544 3122 five
564 3038 710 3122 ALstt
724 3037 893 3136 lamina,
911 3037 992 3122 sive
1009 3035 1138 3135 trabat
1163 3064 1413 3154 quamquam
1429 3042 1546 3134 valde

164 3149 342 3270 dispares
353 3149 430 3236 lint
445 3159 683 3263 gravitates,
699 3183 788 3270 quae
800 3147 1040 3238 affumendae
1053 3147 1144 3236 sunt
1156 3183 1207 3240 ex
1218 3151 1357 3240 eidem
1372 3157 1547 3248 inclina-

165 3276 285 3354 tione
301 3297 384 3364 tae
396 3295 608 3385 propterea
625 3281 667 3356 δι
679 3272 712 3354 L
723 3271 772 3354 M
790 3269 972 3364 indicans
985 3268 1297 3381 gravitationem
1312 3275 1544 3388 comparat&

165 3385 221 3472 ad
241 3411 369 3469 totam
385 3389 624 3498 gravitatem
646 3383 893 3506 absolutam,
913 3395 955 3470 δι
978 3389 1042 3471 ΑΙ
1066 3383 1273 3472 definiens*
1289 3415 1546 3480 momentum

165 3532 220 3587 ex
237 3499 429 3587 distantid
441 3561 454 3600 ,
479 3501 722 3586 constderati
742 3501 906 3588 debent.
953 3503 1051 3586 Hoc
1073 3503 1191 3616 patio
1217 3499 1394 3588 habetur
1412 3528 1545 3597 totum

164 3643 424 3704 momentum
439 3615 573 3702 lateris
589 3622 628 3702 A
639 3621 693 3712 Lt
709 3617 968 3731 similiterque
985 3615 1204 3702 habebitur
1213 3623 1544 3714 momentumla·

164 3737 265 3828 teris
281 3732 463 3849 oppositi.
500 3735 558 3820 Ex
575 3763 660 3849 quo
671 3759 782 3848 patet
794 3732 1261 3819 late-ruminclinatotum
1272 3739 1317 3822 in
1329 3733 1432 3824 librd
1449 3767 1543 3823 curs

164 3851 218 3936 vd
232 3874 442 3934 momenta
455 3855 646 3966 componi
666 3859 709 3936 &
725 3879 777 3936 ex
788 3851 969 3935 Ratione
978 3845 1270 3949 distantianun,
1282 3861 1387 3938 &ex
1397 3855 1543 3942 Ratio-

164 3997 221 4050 ne
249 3969 452 4080 momenti
465 4026 478 4064 ,
493 3957 605 4079 quod
631 3963 787 4078 babent
813 3963 971 4081 stragula
990 3963 1116 4052 latera
1127 3995 1184 4054 etr
1212 3965 1476 4056 inclinatione
1492 3972 1546 4061 ad
1631 4055 1636 4063 .

157 4080 519 4216 perpendiculum.
1591 4089 1600 4108 '

226 4203 287 4286 At
303 4194 561 4298 subdubitas,
584 4195 720 4286 utrltm
735 4195 829 4298 ista,
845 4225 936 4316 quae
958 4193 1028 4284 hic
1044 4172 1261 4314 dicuntur,
1277 4181 1375 4286 cum
1386 4135 1544 4322 iieaptb
1568 4285 1576 4306 ,
1657 4311 1659 4314 ,
1744 4247 1749 4254 ·

167 4313 425 4413 cohaereant,
446 4315 663 4430 quaelibn.
688 4345 775 4430 cap.
792 4343 853 4426 ¹3·
880 4317 987 4402 dicia
1005 4315 1126 4422 sunt,
1153 4316 1224 4402 ubi
1240 4317 1431 4430 ponderis
1446 4323 1492 4406 in
1513 4325 1546 4410 Ι.

167 4428 380 4517 constituti
402 4435 507 4538 viret
522 4431 575 4516 ad
593 4429 924 4526 descendendum
942 4432 1107 4520 definiri
1120 4433 1297 4518 diximus
1312 4430 1335 4516 tl
1357 4434 1451 4520 Sinu
1467 4468 1544 4536 an,
1628 4487 1644 4534 ¹,-

167 4544 258 4658 guli
274 4543 558 4633 declinationis
578 4544 601 4632 al
621 4547 914 4663 perpendiculo
943 4552 1106 4648 CAL,
1127 4559 1198 4662 qui
1217 4547 1378 4664 aqualis
1393 4553 1454 4640 est
1470 4553 1543 4672 ipsu

163 4667 208 4802 A
229 4668 249 4748 Ι
274 4697 283 4740 t
313 4657 384 4746 hic
415 4657 515 4754 ,verb
538 4663 698 4755 laminae
736 4667 818 4753 AL
850 4665 1468 4868 gravitationfflcozristituimus
1493 4699 1546 4758 ex
