3818 5264
385 181 454 286 80
850 157 1269 286 Mecbanicomm
1383 215 1386 221 ·

244 376 257 386 -
381 331 534 450 pundo
555 323 599 411 D
613 321 824 428 distiterit,
843 356 890 412 ut
905 323 929 412 ὲ
942 325 1135 446 sphaerici
1147 327 1357 447 superficie
1371 329 1547 432 recedat,
1560 337 1768 448 quemad·
1791 375 1798 389 ⁶

379 445 550 532 modum
563 438 700 528 stellet
713 441 878 558 plantun
894 445 936 528 D
948 451 992 543 F,
1008 445 1110 531 illud
1122 445 1181 530 est
1193 443 1449 543 inclinatum,
1463 455 1504 530 δι
1523 445 1568 532 fit
1580 450 1766 562 angulus

336 637 340 644 .
381 561 524 666 ΒΕΑ
550 559 834 644 inclinationis.
878 558 955 648 Ubi
972 557 1270 648 observandum
1290 559 1350 644 est
1371 590 1456 644 non
1480 561 1660 650 eande'm
1681 560 1766 650 else

380 673 628 788 singularum
646 673 756 790 plani
786 677 960 790 partium
983 675 1292 760 inclinationem
1312 709 1323 769 3
1352 673 1526 788 angulus
1551 683 1671 764 enim
1695 683 1764 762 in-

380 789 611 876 clinationis
647 792 791 874 AEC
823 793 951 905 major
975 789 1039 876 est
1067 791 1330 878 inclinatione
1355 793 1540 890 ABC,
1583 821 1664 906 per
1699 806 1762 879 16.
1841 845 1845 860 .

380 903 450 990 lib.
477 935 511 990 1.
542 915 584 991 δι
613 903 791 988 similiter
818 908 962 992 AFD
991 911 1118 990 maior
1144 905 1203 990 est
1226 901 1379 1020 angulo
1404 909 1572 992 ACD.
1617 915 1764 1029 Qrare

383 1017 516 1104 statim
543 1047 667 1134 atque
688 1050 736 1104 ea
765 1018 826 1104 est
848 1025 988 1135 punui
1016 1021 1047 1104 E
1083 1019 1106 1105 i
1133 1023 1286 1136 pundo
1309 1027 1340 1105 Β
1363 1019 1579 1122 distantia,
1610 1053 1660 1108 ut
1685 1053 1762 1106 an·
1867 1091 1889 1117 .

378 1129 548 1248 gulusa
568 1133 867 1250 perpendiculis
891 1139 936 1218 in
957 1163 1100 1220 centro
1125 1144 1163 1222 A
1182 1135 1535 1240 fauss'contenmi
1553 1169 1642 1222 non
1667 1133 1761 1253 pos-

379 1251 457 1349 stt,
480 1247 557 1332 alia
589 1247 649 1332 est
675 1254 798 1334 etiam
819 1245 988 1365 physice
1018 1249 1337 1356 inclinatio'm
1362 1256 1548 1364 ''cfforporis
1572 1253 1762 1367 ejusdem

380 1390 599 1478 gravitatro
615 1393 804 1448 mutatur.
1311 1453 1316 1465 ,

413 1481 648 1594 'Qoniam
672 1473 772 1564 verd
790 1507 935 1594 corpus
953 1507 1076 1590 grave
1092 1477 1214 1595 plano
1229 1479 1427 1596 inclinato
1446 1483 1684 1596 imposrtum
1702 1487 1759 1568 ita

377 1605 471 1679 ae're
497 1593 860 1693 circumfunditur,
879 1621 924 1677 ut
935 1621 1048 1709 petat
1074 1591 1180 1680 infri
1196 1593 1313 1679 illum
1328 1593 1593 1695 descendere,
1620 1607 1663 1686 δι
1691 1627 1757 1682 re-

380 1709 513 1806 sistat,
532 1737 584 1792 ne
600 1705 751 1793 sursum
761 1733 973 1793 moveatur
983 1743 995 1803 ς
1012 1705 1108 1794 ideb
1125 1712 1495 1822 gravitaredicitur.
1632 1721 1636 1726 “

437 1823 518 1908 Sed
547 1822 775 1906 cavendum
806 1821 895 1922 est,
922 1853 975 1908 ne
1004 1823 1374 1910 exsvocabruorum
1401 1824 1666 1912 similitudine
1690 1857 1756 1912 er-

378 1968 445 2024 ror
480 1931 666 2050 subrepat
706 1973 715 2020 :
751 1939 1084 2054 quandoquidem
1114 1937 1224 2024 aliud
1254 1939 1314 2022 est
1354 1945 1553 2046 grauitate.
1579 1943 1620 2018 in
1646 1941 1759 2049 plano

377 2051 588 2136 inclinato,
629 2051 739 2138 aliud
765 2057 972 2160 gravitate
1001 2057 1039 2131 in
1062 2055 1213 2162 planum
1234 2053 1452 2132 inclinatam
1481 2083 1495 2132 r
1527 2083 1625 2144 nam
1651 2053 1758 2140 intrd

171 2269 182 2276 „
377 2177 514 2252 adrem
548 2194 693 2282 corpus
720 2194 877 2280 grave,
907 2163 1038 2284 putd,
1072 2167 1204 2284 lapis,
1233 2173 1404 2278 gravitat
1428 2176 1472 2256 in
1503 2201 1757 2288 quocunque

280 2327 282 2329 ·
376 2280 500 2398 plano
531 2286 654 2366 etiam
687 2281 1049 2396 perpendiculari,
1094 2312 1342 2368 nontamen
1380 2291 1552 2400 gravitar
1585 2291 1632 2370 in
1664 2289 1756 2402 pla-·

379 2427 481 2481 num
516 2397 849 2512 perpendiculare
879 2461 891 2498 ,
926 2393 1134 2514 nullasque
1161 2403 1265 2484 vires
1296 2395 1372 2482 suae
1412 2407 1622 2512 gravitatis
1652 2433 1754 2486 con·

362 2538 441 2596 tra
466 2507 569 2596 illud
588 2539 751 2596 exercet
774 2573 787 2612 ,
831 2517 1014 2632 quamvis
1043 2516 1088 2598 in
1109 2544 1160 2600 eo
1186 2511 1394 2614 existens,
1430 2527 1473 2602 δι
1494 2516 1648 2602 resistat
1673 2513 1757 2600 sur·

379 2625 467 2712 snm
488 2626 703 2724 trahenti,
736 2636 778 2718 dc
806 2655 1012 2728 conetur,
1045 2658 1092 2714 ut
1122 2633 1259 2720 vincat
1288 2633 1392 2715 vires
1425 2635 1676 2730 retinentis,
1707 2661 1755 2716 ac

379 2741 579 2858 quicquid
605 2771 758 2850 moram
787 2741 941 2844 infert,
973 2753 1013 2832 δι
1041 2746 1378 2858 impedimentum
1402 2752 1545 2830 motui.
1590 2753 1641 2832 ln
1664 2745 1753 2862 pla-

378 2888 435 2944 no
459 2861 514 2941 ita
545 2883 597 2942 ue
618 2855 815 2942 inclinato
837 2855 1011 2946 existens
1042 2889 1187 2974 corpus
1218 2888 1341 2970 grave
1377 2857 1637 2976 (subjcdlum
1666 2861 1753 2978 pla-

380 3001 479 3056 num
515 2887 758 3086 supponitur
794 2969 948 3088 optime
986 2971 1253 3087 levigatum,
1287 3003 1365 3058 nec
1403 2981 1532 3060 motui
1570 2977 1753 3060 officiens

381 3090 558 3204 partium
585 3085 903 3200 prominularum
924 3083 1160 3204 asperitate)
1192 3094 1365 3202 gravitat
1382 3093 1572 3210 quidem,
1591 3087 1660 3178 sed
1675 3095 1752 3174 mi-

380 3199 458 3288 nus
484 3195 609 3316 quim
637 3205 680 3284 in
705 3198 826 3316 plano
853 3202 1210 3319 perpendiculari,
1238 3216 1378 3320 &pro
1409 3206 1517 3291 varial
1538 3205 1752 3323 planorum

380 3315 679 3414 inclinatione,
709 3321 818 3400 varia
838 3323 987 3433 pariter
1001 3319 1062 3404 est
1079 3322 1324 3431 gravitatio,
1349 3350 1395 3403 ιιι
1418 3325 1657 3438 quotidiana
1680 3349 1751 3402 nos

382 3431 506 3516 docet
528 3434 788 3546 experientia.
840 3430 935 3550 Qd
960 3439 1085 3548 igitur
1108 3437 1263 3519 ratione
1288 3440 1501 3547 gravitatio
1518 3443 1748 3528 minuatur,

381 3544 452 3632 hle
474 3544 534 3629 est
551 3549 865 3636 examinandum
883 3583 896 3642 5
920 3553 1050 3670 capite
1069 3545 1486 3668 sequenti-‚gravitatio
1512 3557 1557 3640 in
1579 3552 1749 3639 Planum

382 3659 626 3746 inclinatum
636 3660 917 3776 explicabitur.
1418 3659 1423 3669 ’
1532 3711 1537 3725 ·

441 3771 713 3890 Cognoscitur
741 3805 877 3865 autem
904 3783 1118 3891 gravitatio
1144 3810 1197 3864 ex
1222 3777 1441 3868 refistenrid
1462 3844 1473 3880 ‚
1495 3779 1577 3898 qul
1605 3809 1747 3897 corpus

382 3917 582 4089 repupnar
611 3917 751 3975 contra
776 3897 879 3978 vires
901 3893 1002 3999 illud
1027 3899 1265 3994 retinentis,
1299 3925 1350 3979 ne
1374 3895 1561 3982 deorsum
1585 3899 1745 3994 feratur,
1830 3957 1841 3970 .

381 4034 453 4088 aut
493 4002 628 4094 ursum
653 4005 849 4092 trahentis
877 4041 889 4102 ς
922 4039 1057 4126 neque
1084 4015 1195 4094 enim
1221 4009 1300 4092 alio
1331 4007 1419 4093 nisu
1444 4022 1585 4124 gravia
1613 4013 1745 4128 gravi-

373 4122 474 4204 'tant
509 4181 521 4220 ,
573 4114 714 4236 qudrna
732 4151 816 4234 quo
855 4121 1042 4222 resrstunt
1081 4125 1319 4244 impedienti
1361 4155 1520 4214 motum
1561 4125 1744 4242 gravitati
1799 4222 1801 4230 y

383 4241 709 4325 convenientem.
755 4239 806 4320 Et
834 4239 1003 4352 quidem
1026 4247 1304 4358 experimento
1331 4241 1468 4360 aliquo
1493 4245 1625 4358 potest
1651 4269 1741 4360 gra·

382 4352 587 4434 virationis
612 4356 780 4436 varietas
805 4351 1038 4464 investigari
1063 4389 1081 4451 51
1099 4355 1142 4439 .s1
1164 4359 1355 4468 nimirum
1384 4357 1551 4472 planum
1584 4363 1669 4446 ΒΟ
1692 4383 1742 4440 ex

378 4461 498 4572 liguo.
523 4525 535 4562 ,
563 4493 634 4556 aut
664 4496 860 4552 marmore
889 4469 1078 4555 accuratis
1108 4469 1346 4583 laevigetur,
1372 4483 1415 4558 δι
1438 4475 1679 4584 extremitati
1712 4473 1742 4552 B

374 4579 612 4665 adnectatur
632 4580 836 4672 orbiculus
863 4587 906 4672 D
928 4581 1121 4674 facillime
1142 4588 1248 4672 circa
1270 4615 1389 4675 axem
1409 4587 1622 4688 versatilis,
1641 4614 1742 4785 pom,

884 4742 896 4752 ··
1677 4723 1732 4782 en
