3794 5266
195 323 199 330 ¹
233 259 237 266 ·
280 267 283 274 -
375 198 485 338 4t6
713 228 720 238 ·
816 255 819 262 ·
864 177 1288 303 Mechanicorum
1354 297 1357 304 ,
1627 327 1629 332 ¹

385 385 594 448 connexus
614 393 625 440 t
649 379 909 470 quacumque
923 347 1041 438 enim
1059 353 1103 437 in
1117 378 1230 468 parte
1248 347 1494 438 constitutus
1508 351 1651 458 fueris,
1671 387 1745 446 tan·

386 477 571 576 cumdem
592 473 701 562 funis
722 466 901 584 sequitur
915 457 1200 576 ascendentem
1219 467 1544 570 extremitatem,-
1564 501 1745 588 quantum

385 589 562 680 t'r'ahitur
578 588 846 705 deprimendo
864 583 1031 672 alteram
1052 590 1348 674 extremitatem
1369 623 1381 671 ε
1403 587 1456 671 src
1474 588 1671 676 trahendo
1687 594 1743 678 fu·

298 755 302 762 ·
386 716 483 816 nem
503 711 591 794 ΡΟ
614 708 853 822 deprimitur
872 707 1116 789 extremitas.
1129 705 1198 802 0,
1224 703 1376 790 deinde
1398 705 1600 790 trahendo
1621 707 1747 796 funem

385 819 753 942 PQdeprimitur
776 825 1008 906 extremitas
1038 821 1111 906 M:
1156 823 1244 906 Aut
1265 823 1387 906 etiam
1415 820 1465 904 stt
1485 827 1652 908 unicum
1673 855 1746 912 ma-

387 943 581 1028 nubrium
605 939 727 1037 SM,
760 946 803 1047 dt
829 940 907 1022 erit
932 936 1035 1022 ΚΜ
1061 973 1071 1020 r
1101 965 1226 1054 atque
1250 965 1440 1052 premens
1461 941 1507 1022 in
1534 939 1589 1023 M
1608 941 1748 1028 attollet

387 1057 589 1148 hastulam
613 1057 684 1154 R,
704 1053 867 1139 elevans
894 1081 966 1139 ant
985 1057 1031 1138 in
1053 1053 1102 1138 M
1125 1053 1282 1140 attollet
1303 1054 1503 1142 hastulam
1532 1059 1569 1140 S.
1611 1067 1663 1146 Ut
1681 1087 1744 1142 au-

384 1202 469 1260 tem
492 1169 651 1262 facilibs
686 1167 892 1254 attollatur
922 1172 1003 1269 M,
1036 1171 1084 1256 bt
1111 1168 1167 1256 in*
1182 1168 1384 1286 superiore
1416 1169 1512 1259 loco
1536 1170 1748 1274 orbiculus,

386 1319 461 1408 per
481 1317 606 1406 quem
626 1283 798 1372 transcat
820 1285 929 1372 funis
952 1315 1163 1374 connexus
1187 1286 1232 1370 in
1259 1287 1338 1385 M,
1359 1287 1525 1374 alteram
1551 1294 1663 1372 enim
1682 1319 1746 1376 ex-

387 1411 632 1494 tremitatem
657 1399 843 1494 deorsum
864 1403 1030 1488 trahens
1056 1403 1213 1490 attollet
1238 1403 1497 1490 manubrium
1524 1405 1588 1486 M.
1637 1408 1748 1527 Qud

349 1567 350 1572 Ν
387 1521 490 1616 stab
518 1517 645 1604 oculis
669 1547 864 1607 remotam
885 1518 1058 1606 volveris
1075 1520 1270 1614 antliam,
1296 1517 1361 1606 fac
1381 1549 1454 1638 per
1476 1521 1748 1636 parietisfota-

388 1669 485 1725 men
514 1634 560 1720 in
592 1640 822 1752 proximum
861 1635 1055 1723 conclave
1082 1641 1193 1724 exite
1221 1636 1363 1723 funem
1393 1638 1477 1722 Ml
1510 1634 1684 1722 orbicbli
1715 1639 1751 1720 Η

387 1779 591 1842 excavatae
610 1751 736 1839 absrdi
760 1749 983 1851 insertum,
1011 1761 1054 1838 bt
1077 1782 1151 1868 per
1175 1749 1379 1838 orbiculos
1406 1757 1469 1852 P,
1498 1760 1574 1876 Q
1601 1755 1750 1839 tranire

249 1943 253 1954 .
389 1873 531 1958 funem
574 1869 807 1982 OPQ,
841 1866 1037 1954 connexis
1067 1873 1180 1954 enim
1208 1870 1371 1989 funium
1397 1871 1751 1956 extremrtatibnsl

391 1997 435 2078 δι
470 1987 505 2069 L
532 1979 660 2068 modb
690 1986 805 2072 hunc
832 1981 961 2072 modb
993 1983 1109 2074 illum
1139 1986 1282 2074 funem
1318 1985 1517 2080 trahendo
1553 2014 1750 2105 utramque

387 2099 557 2190 antliam
575 2097 759 2214 agitabis.

744 2349 1250 2476 Pnorosmo
1333 2365 1404 2521 ll.

694 2629 875 2731 Antliam
897 2660 1109 2768 opportuno
1131 2637 1242 2730 nerle
1260 2639 1463 2768 inspuere,

645 2829 657 2844 ⁶
1284 2842 1290 2855 ι

505 2921 543 3002 Τ
564 2911 742 3032 aliquam
761 2911 934 3032 speciem
952 2915 1077 3000 vestis
1098 2919 1212 3002 curvi
1234 2913 1350 3000 oneri
1368 2917 1573 3003 movendo
1586 2920 1754 3006 destina·

505 3037 534 3117 ti
554 3031 797 3130 exhibeam,
818 3029 952 3147 platee
972 3036 1016 3116 in
1036 3027 1188 3130 antlia,
1207 3061 1289 3148 qua
1308 3035 1360 3119 ad
1383 3034 1631 3129 hauriendas
1644 3069 1754 3152 aquas

394 3150 586 3246 utimur,
618 3146 851 3264 exemplum
874 3153 1058 3263 ponere,
1079 3149 1193 3263 qnod
1206 3148 1340 3240 ‚facila
1365 3154 1408 3234 in
1434 3150 1599 3269 reliquis
1629 3183 1700 3269 pro
1719 3183 1754 3236 re

324 3287 328 3294 '
394 3295 489 3354 nata
505 3262 653 3348 imitari
671 3265 867 3383 poffimus.
903 3261 974 3347 Est
991 3270 1035 3348 in
1052 3261 1179 3350 antlid
1198 3262 1291 3348 loco
1313 3268 1503 3381 ponderis
1524 3299 1659 3385 aqua,
1678 3299 1754 3385 quar
1851 3315 1852 3368 ;

391 3383 569 3470 adducto
587 3379 750 3465 embolo
769 3377 989 3466 attrahitur
1015 3385 1057 3466 in
1080 3379 1333 3482 modiolum,
1355 3381 1493 3498 edque
1516 3387 1685 3470 reducto
1695 3416 1756 3469 ex·

384 3496 609 3620 primitur,
635 3507 677 3584 δε
704 3493 896 3612 ptaeterel
920 3483 1242 3611 conflidlus'ipse
1266 3497 1417 3584 emboli
1445 3531 1539 3584 cum
1564 3501 1753 3594 modiolos

394 3613 615 3730 superanda
635 3611 789 3732 quippe
811 3610 868 3698 est
887 3613 1132 3711 difficultas,
1159 3641 1249 3726 quar
1268 3641 1320 3698 ex
1339 3645 1483 3700 mutuo
1501 3617 1650 3702 honam
1670 3647 1756 3702 con·
1850 3673 1851 3682 κ

394 3737 504 3816 tactu
527 3727 685 3826 oritur,
710 3740 753 3816 δι
778 3759 883 3846 aqna
910 3757 984 3844 per
1006 3735 1091 3818 vim
1111 3727 1309 3813 elevanda
1329 3730 1414 3832 est,
1439 3732 1519 3817 five
1539 3721 1754 3821 'sommat-

394 3850 606 3945 trahatnr,
632 3873 677 3930 nt
694 3875 746 3928 ex
765 3845 943 3930 modiolo
967 3873 1039 3963 per
1062 3841 1211 3930 emboli
1238 3845 1391 3931 redum
1418 3849 1601 3934 foramen
1629 3850 1756 3935 subin-

394 3967 449 4052 de
465 3991 681 4079 erumpens
698 3958 867 4059 effluat,
891 3961 972 4045 five
997 3966 1040 4045 in
1059 3957 1240 4046 modiolo
1264 3960 1483 4080 comprella
1504 3964 1557 4048 ab
1582 3967 1757 4068 embolo,

396 4082 491 4170 clrm
510 4081 740 4176 reducitur,
759 4075 1009 4192 exprimatur
1032 4083 1075 4162 in
1097 4077 1265 4175 tubum,
1286 4107 1330 4162 ut
1347 4081 1483 4166 adhuc
1496 4079 1616 4168 altilis
1635 4081 1760 4168 ascen·
1848 4109 1850 4138 r

395 4199 465 4284 dat
482 4259 493 4294 ,
512 4202 627 4312 juxta
652 4223 730 4292 ea,
756 4221 845 4308 quat
875 4197 917 4276 in
936 4181 1289 4311 Hydrotechfiicis
1310 4193 1435 4284 fnfilrs
1465 4198 1674 4284 dicuntur.
1719 4197 1759 4284 ld

392 4314 561 4434 quidem
584 4309 698 4396 fieret
720 4309 747 4396 st
773 4308 936 4409 hastili,
957 4313 1070 4428 quod
1090 4307 1254 4397 embolo
1280 4311 1487 4425 infigitur,
1510 4311 1593 4430 ipsa
1618 4344 1758 4430 puten-

393 4438 447 4516 tia
470 4427 652 4545 proxime
680 4425 948 4546 applicaretur
973 4462 984 4524 5
1019 4427 1084 4512 sed
1111 4457 1157 4512 ut
1182 4424 1315 4512 minus
1337 4429 1484 4542 laboris
1508 4431 1577 4516 illa
1602 4433 1758 4525 lubeat,

390 4547 554 4630 additur
579 4545 733 4644 vestis,
765 4573 812 4630 nt
834 4543 964 4634 multo
991 4549 1120 4665 major
1151 4543 1199 4629 lit
1227 4551 1418 4662 potentia
1441 4578 1613 4653 motus,
1642 4548 1759 4668 quim

389 4659 553 4772 emboli.
1478 4701 1485 4710 ·

1703 4783 1758 4868 Sit
