3918 5262
338 201 401 332 rii
479 291 484 298 .
551 239 556 248 ·
782 176 1207 304 Merbanicorum

332 349 542 436 communi
586 343 749 430 illorum
791 343 1005 462 planorum
1044 343 1260 448 serrium,
1301 350 1426 464 eique
1472 347 1712 472 respondere

331 470 531 584 punt‘iurn
562 467 586 547 S
615 469 841 548 inventum.
1471 533 1474 542 .

392 588 503 698 Qia
514 580 703 678 demum,
721 579 748 662 sr
772 608 917 696 corpus
936 579 1048 696 quod
1060 577 1247 678 sustinet,
1262 581 1385 680 trid,
1402 581 1515 696 quod
1536 579 1709 695 sustine..

332 727 428 798 tur,
447 703 490 780 in
507 693 717 812 superficie
735 687 774 780 se
793 723 985 808 tangant,
1003 695 1399 814 corpus'impofitum
1414 703 1462 780 in
1479 696 1714 792 alterutram

329 843 487 932 partem
501 815 646 898 cadere
658 837 742 896 non
757 811 890 928 potest
908 815 1009 910 (nist
1021 812 1128 899 sorte
1141 808 1387 929 suppositum
1400 812 1570 930 planum
1589 815 1712 904 fuerit

202 1009 204 1014 .
330 930 597 1024 inclinatum)
616 933 718 1043 quin
734 929 901 1043 planum
920 959 993 1046 per
1003 930 1153 1016 lineam
1165 931 1396 1014 direstionis
1409 931 1579 1016 ducrum
1596 937 1651 1018 in
1664 934 1713 1020 srt

329 1075 453 1151 extra,
469 1044 744 1162 superficiem,
759 1049 804 1127 in
824 1075 904 1161 qua
926 1046 973 1130 fit
997 1047 1231 1142 conanus,
1259 1071 1306 1130 ut
1324 1073 1459 1162 neque
1481 1045 1592 1132 illam
1609 1081 1710 1154 con-

332 1169 465 1277 tingat
474 1197 486 1260 5
497 1159 657 1248 ‘constat
671 1165 773 1245 ratio
788 1191 939 1278 quartae
955 1163 1101 1280 praxis.
1147 1162 1185 1243 Si
1198 1190 1375 1276 namque
1388 1161 1554 1277 planum
1565 1191 1616 1250 ex
1632 1193 1710 1252 ter-

1034 1305 1086 1362 rae
1110 1277 1434 1364 centro'dusium
1452 1282 1583 1394 perC
1608 1311 1708 1366 eerr-

1031 1419 1143 1476 trum
1177 1395 1381 1503 gravitatis
1414 1396 1498 1479 dati
1534 1401 1711 1512 corporis

1031 1510 1113 1594 OS
1125 1569 1136 1607 ,
1156 1502 1262 1591 secet
1286 1504 1510 1624 subjectum
1530 1509 1710 1625 planum,

1030 1649 1122 1738 pars
1147 1629 1325 1737 corporis
1349 1653 1462 1711 extra
1484 1625 1711 1740 marginem

951 1773 982 1877 S
1029 1741 1106 1824 FE
1132 1741 1176 1820 in
1191 1751 1283 1823 aere
1303 1767 1444 1826 extans
1456 1745 1614 1828 minora
1627 1745 1705 1830 ha-

772 1962 778 1966 Α
870 1904 909 1917 ···
1032 1851 1103 1940 bet
1115 1881 1321 1941 momenta
1340 1861 1568 1968 gravitatis,
1586 1857 1709 1975 quim

874 1964 934 1977 '²‘
1011 1967 1188 2084 ·-reliqua
1210 1998 1298 2082 pars
1319 2003 1335 2065 ς
1358 1975 1444 2056 haec
1469 1977 1596 2084 igitur
1613 2003 1708 2087 gra-

818 2077 820 2084 ’
1032 2090 1120 2170 vior
1136 2114 1220 2168 non
1234 2086 1366 2201 potest
1380 2088 1432 2172 ab
1456 2090 1524 2174 illa
1536 2089 1705 2176 elevari:

1031 2200 1102 2288 ubi
1119 2196 1219 2284 verri
1234 2229 1465 2316 promotum
1487 2234 1632 2320 corpus
1653 2201 1730 2304 eri..

1023 2320 1214 2416 venerit,
1240 2345 1287 2400 ut
1308 2316 1473 2434 planum
1502 2350 1574 2438 per
1599 2353 1701 2408 cen-

328 2469 437 2528 trum
460 2440 671 2556 gravitatis
694 2438 732 2521 C
753 2435 923 2520 durium
943 2460 1085 2547 tangat
1109 2459 1337 2518 extremum
1361 2440 1588 2548 marginem
1607 2435 1702 2524 sub.
1746 2509 1750 2516 .

246 2581 251 2596 ’
326 2562 421 2674 jecii
442 2557 550 2672 plani
571 2557 650 2650 ita,
669 2581 716 2636 ut
733 2555 777 2635 in
793 2551 940 2634 eodem
957 2549 1103 2665 plano,
1119 2553 1164 2630 in
1183 2578 1266 2662 quo
1282 2547 1342 2633 est
1367 2580 1554 2638 centrum
1571 2558 1708 2666 gravi·

330 2679 422 2760 tatis
444 2677 508 2772 C,
530 2672 580 2757 srt
600 2674 723 2762 etiam
747 2663 776 2754 F
787 2667 819 2749 E
832 2727 843 2764 ‚
857 2665 1032 2782 equalia
1053 2662 1144 2750 sunt
1160 2669 1367 2776 gravitatis
1383 2696 1591 2754 momenta
1609 2699 1721 2784 par···

330 2793 535 2876 tisCSin
550 2797 641 2871 a'e're
656 2786 853 2880 extentis,
869 2810 917 2866 ac
940 2785 1035 2867 CO
1054 2785 1175 2896 partis
1201 2780 1323 2896 plano
1340 2783 1638 2880 incumbentisr
1661 2795 1704 2872 δι

331 2906 441 2994 srvel
456 2907 672 2988 minimum
685 2896 853 2984 ulteriirs
896 2924 1197 2996 removeretur,
1213 2925 1302 3010 pars
1312 2926 1425 2984 extra
1434 2899 1603 3016 planum
1615 2900 1706 2989 sub-

327 3025 482 3146 jesiurn
492 3046 633 3122 extans
643 3018 805 3130 gravior
818 2925 919 3100 esset
928 3075 947 3122 χ
954 3010 1144 3130 riderique
1157 3011 1431 3102 deseenderet.
1463 3021 1601 3126 Quare
1617 3017 1645 3100 sr
1663 3020 1706 3104 in

332 3142 510 3253 ‘corporis
530 3137 612 3222 OS
640 3131 848 3248 superficie
869 3128 1011 3216 infimi
1034 3129 1185 3216 lineam
1208 3123 1458 3245 descripseris
1481 3130 1705 3220 secundum

330 3259 556 3368 marginem
574 3255 602 3336 F
616 3251 672 3349 E,
695 3277 743 3332 ea
755 3249 832 3330 erit
845 3249 890 3328 in
903 3243 1028 3360 plane
1040 3243 1270 3330 transeunte
1282 3273 1356 3368 per
1368 3275 1554 3334 centrum
1571 3253 1704 3334 oravi-

332 3375 436 3456 tatis.
511 3361 686 3451 uiaverri
702 3319 1706 3476 idemcontingit‚sriisiemsuperficiebussecon-

198 3520 207 3526 ·
331 3485 585 3598 tingentibus
606 3480 732 3566 aliurn
750 3478 869 3562 situm
890 3477 1243 3593 corporidederis,
1262 3482 1492 3594 pariterque
1508 3473 1562 3564 ei>
1578 3475 1705 3596 usque

332 3601 610 3722 promoveris,
636 3595 687 3680 ut‘
715 3591 816 3679 citri
844 3595 1016 3680 cadendi
1035 3592 1262 3708 perieulum
1279 3599 1509 3706 promoveri
1533 3595 1703 3684 ulterius
1821 3597 1831 3606 ’

333 3747 418 3804 non
438 3713 572 3832 poffitr
585 3711 663 3796 alia
677 3711 784 3795 linea
798 3707 1021 3796 secundum
1037 3713 1265 3823 marginem
1280 3716 1311 3795 F
1321 3711 1353 3792 E
1374 3709 1494 3796 (1er
1509 3716 1588 3794 erit
1600 3715 1705 3825 pari-

204 3861 212 3870 ·
332 3862 395 3918 ter
422 3827 613 3948 inplano
645 3855 718 3942 per
736 3828 942 3939 gravitatis
965 3850 1154 3910 vcentrum
1168 3823 1445 3923 transeunte,
1473 3823 1704 3942 secabitque

300 4036 302 4040 ,
330 3953 507 4068 priorem
517 3941 690 4040 lineam,
708 3943 905 4060 punitum
924 3967 1076 4024 mutuae
1093 3940 1291 4024 linearum
1302 3936 1484 4024 sectionis
1499 3937 1703 4043 illudesse,
1776 3953 1789 3962 '

318 4063 444 4178 ‘quod
459 4064 671 4176 quaeritur,
688 4058 776 4144 satis
788 4056 928 4172 liquet.
960 4058 1065 4140 Haec
1081 4055 1141 4140 est
1151 4051 1283 4170 dispar
1298 4053 1611 4172 philosophandi
1633 4088 1699 4146 ra·

320 4177 414 4272 tio,
431 4177 562 4292 srpars‘
592 4177 684 4260 CO
709 4167 816 4260 ederi
841 4171 965 4284 longa
986 4164 1106 4270 esset,
1126 4197 1172 4254 ut
1188 4177 1311 4255 etiam
1326 4200 1481 4257 extaret
1498 4203 1612 4260 extra
1630 4205 1703 4260 an·

330 4288 480 4410 gustias
495 4287 659 4378 sub'effl
673 4288 806 4406 plani5
820 4283 974 4400 semper
984 4291 1095 4372 enim
1107 4287 1285 4372 cousrstit
1296 4289 1526 4402 imposrtum
1543 4318 1703 4407 corpus,

329 4403 513 4530 quandiu
534 4325 702 4524 psanum
724 4433 797 4521 per
817 4403 967 4504 lineam
987 4403 1217 4488 diretiionir
1230 4404 1454 4503 transrens,
1471 4433 1542 4489 aut
1556 4411 1701 4520 tangit,
1789 4511 1791 4517 A

315 4529 400 4618 ‘aut
428 4517 534 4608 secat
551 4521 772 4640 subjeitnm
789 4521 966 4637 planum„
1013 4519 1359 4638 Qandoeunque
1383 4525 1496 4606 enim
1511 4519 1618 4610 linea
1633 4524 1700 4606 di-

306 4641 513 4734 ”restiouis
530 4659 614 4728 non
626 4637 764 4726 transrt
778 4665 852 4754 per
864 4637 1076 4756 punsiirm,
1094 4634 1160 4724 vel
1171 4634 1337 4738 lineam,
1353 4636 1419 4726 vel
1435 4633 1701 4779 strperficiern,

1648 4782 1696 4848 m
1925 4737 1926 4744 r
