3798 5264
374 265 481 408 258
686 257 697 284 ’
857 241 1284 390 Mrcbanicorum

360 453 486 544 prop.
501 453 566 508 ιο.
586 403 852 512 asseriteum,
871 409 943 524 qui
960 437 1091 524 negat
1101 407 1247 496 libram
1263 407 1525 495 brachiorum
1539 413 1757 529 equalium

304 573 307 580 ’
370 545 423 630 ad
440 538 674 627 horizontis
691 527 965 646 aequilibrium
982 525 1230 625 redituram,
1261 545 1328 602 non
1348 531 1570 636 antiquitati
1593 527 1750 616 ramim,

360 651 434 768 sed
452 639 744 746 rerumrerum,
760 640 832 752 sed
845 641 1007 720 utilitati
1025 645 1170 748 generis
1184 636 1483 720 hnmani'berim
1495 639 1664 724 indicere.
1699 656 1756 736 At

366 765 599 864 exadverso
616 767 824 852 Authores
843 755 930 847 fere
951 788 1105 856 omnes,
1125 761 1196 874 qui
1210 759 1264 842 dc
1278 755 1344 842 his
1356 757 1582 846 accuratilis
1595 760 1781 884 scripsew

369 880 492 986 runtl,
508 883 711 1002 triplicem
732 877 844 966 librae
861 871 1035 994 speciem
1052 873 1350 988 distinguentes
1365 906 1488 960 unam
1507 905 1754 965 tantummo-

371 1007 426 1092 do
444 1003 672 1116 agnoscunt
690 1025 805 1112 ‚quae
824 992 861 1080 se
881 989 1064 1076 restituat
1083 988 1290 1076 horizonti
1306 989 1547 1106 parallelum.
1593 996 1691 1079 Hoc
1713 999 1761 1082 sr‹

362 1119 544 1238 quidem
563 1145 757 1229 tanquam
774 1139 931 1196 certum
943 1101 1172 1206 assumunt,
1192 1133 1336 1218 corpus
1355 1109 1645 1224 quodcumque
1661 1139 1754 1224 gra-

371 1269 422 1323 ve
435 1299 447 1338 ,
461 1237 573 1350 quod
598 1227 849 1348 suspensum,
870 1251 940 1308 aut
963 1219 1227 1320 sustentatum
1244 1222 1372 1307 libere
1397 1231 1439 1305 in
1461 1235 1552 1336 aere
1565 1229 1761 1340 pendeat,

372 1357 415 1438 in
433 1349 486 1438 ed
502 1378 660 1436 tantum
679 1345 754 1430 situ
768 1339 989 1458 quiescere,
1001 1337 1045 1420 iu
1057 1369 1139 1452 quo
1149 1337 1358 1452 gravitatis
1372 1367 1557 1424 centrum
1572 1373 1666 1426 cum
1679 1343 1756 1429 sus-

373 1469 577 1586 pensionis
593 1493 664 1548 aut
683 1453 980 1550 lustentationis
1006 1457 1159 1570 pundo
1183 1460 1225 1537 in
1242 1457 1381 1540 eidem
1397 1453 1630 1541 diredl'ionis
1646 1457 1759 1546 linei

375 1583 619 1702 reperiaturs
634 1575 843 1663 descendit
857 1573 969 1654 enirn
987 1599 1187 1686 quantum
1204 1571 1358 1684 potest,
1376 1602 1509 1687 neque
1525 1577 1562 1657 ei
1584 1581 1763 1687 opponia

375 1729 441 1784 tur
452 1703 650 1816 puntium
668 1686 931 1804 suspensionis
947 1715 1017 1771 aut
1034 1681 1351 1787 sustentationis,
1370 1689 1441 1771 nisi
1457 1685 1501 1770 in
1514 1691 1659 1774 eodem
1668 1721 1758 1806 per-

402 1811 597 1902 endiculo
607 1809 658 1894 ad
670 1799 843 1892 universi
856 1804 1177 1887 centrumdueo
1190 1833 1407 1918 utrumque
1422 1805 1478 1886 srt.
1496 1805 1764 1926 Cumitaque

372 1847 477 2016 libra
492 1931 537 2012 lit
556 1955 700 2040 corpur
718 1949 842 2033 grave
857 1915 1100 2034 suspensum,
1114 1929 1154 2003 ὅ(
1168 1915 1287 2004 suum:
1298 1923 1447 2006 habeat
1461 1949 1646 2005 centrum
1661 1915 1759 2036 gra-

374 2046 535 2144 vitatis,
554 2069 655 2126 tunc
671 2038 837 2124 demum
852 2031 1054 2150 quiescet,
1072 2033 1143 2116 ubi
1161 2065 1248 2122 carn
1263 2037 1502 2152 positionem
1517 2035 1766 2140 obtinuerit,

372 2161 417 2248 iu
440 2155 520 2278 qui
543 2153 806 2272 suspensionis
823 2153 1045 2268 pendium,
1065 2159 1108 2234 δι
1125 2153 1339 2261 gravitatis
1353 2183 1539 2239 centrum
1553 2151 1597 2236 in
1611 2153 1764 2246 eddenr

373 2278 451 2363 srnt
465 2270 831 2364 diredlionislined.
877 2271 1080 2352 Punctum
1099 2263 1200 2350 verd
1224 2266 1469 2386 supensronis
1485 2267 1691 2354 libraenon
1708 2271 1760 2355 il·
1889 2323 1890 2334 κ

249 2410 251 2418 ’
371 2393 446 2480 lud
465 2393 531 2479 hle
546 2385 804 2502 intelligitur,
818 2415 873 2471 ert
888 2413 971 2498 quo
990 2381 1142 2498 pendet
1156 2381 1260 2480 ansa,
1274 2387 1342 2470 cui
1357 2385 1458 2472 libra
1474 2381 1673 2486 inseritur,
1689 2385 1764 2476 sed

372 2509 455 2626 ipsa
474 2505 630 2622 Agim,
649 2503 717 2590 seu
731 2501 904 2618 spartum
918 2497 1256 2597 ,utAristotelico
1270 2499 1469 2590 vocabulo
1481 2491 1582 2602 utar,
1595 2499 1656 2586 est
1673 2497 1761 2588 sus-

374 2624 577 2746 pensionis
591 2623 791 2738 puncium
798 2653 809 2712 5
821 2601 874 2702 eri
888 2615 961 2698 illo
971 2612 1085 2702 enim
1103 2613 1288 2726 proximi
1305 2617 1407 2703 libra
1422 2615 1685 2730 suspenditur.
1826 2627 1827 2630 ‘

436 2742 550 2826 Hinc
575 2738 705 2822 oritur
724 2735 870 2850 triplex
891 2730 1003 2831 libre
1028 2731 1203 2849 species,
1224 2731 1318 2847 quia
1333 2733 1545 2850 tripliciter
1557 2735 1768 2850 componi.
1809 2735 1810 2740 ‘

375 2853 537 2976 possunt
553 2881 740 2940 centrum
761 2845 919 2945 niotlu,
941 2860 1184 2934 &centrum
1204 2852 1411 2960 gravitatis
1424 2888 1435 2947 5
1450 2845 1584 2964 prirnd
1603 2847 1761 2959 scilicet

376 2968 538 3090 possunt
554 2971 598 3054 in
617 3002 706 3054 uno
721 2969 948 3077 eodemque
968 2969 1120 3080 punsto
1136 2973 1378 3066 convenire,
1400 2969 1550 3053 deinde
1570 2997 1767 3054 centrum

375 3085 510 3178 motdt
520 3085 651 3202 potest
663 3077 741 3168 elie
762 3081 963 3199 superius,
980 3077 1331 3166 demuminserius'
1341 3112 1481 3167 centro
1493 3083 1713 3196 gravitatis.

439 3209 492 3290 Et
509 3203 675 3318 quidem
695 3200 867 3286 stunum
885 3197 1078 3312 idemque
1091 3201 1286 3312 punitum
1307 3200 1355 3284 stt
1367 3199 1500 3283 motlts
1518 3195 1560 3280 lic
1576 3201 1761 3312 gravita—
1888 3225 1889 3240 ³

379 3325 430 3407 tis
448 3347 636 3406 centrum
655 3321 719 3418 A,
740 3327 781 3404 it
807 3311 1028 3432 equalibus
1054 3311 1236 3402 brachiis
1263 3321 1361 3414 AB,
1387 3319 1423 3399 A
1439 3317 1482 3400 C
1494 3315 1660 3430 etqualia
1680 3321 1765 3404 sint

1137 3434 1294 3516 adnexa
1312 3431 1491 3546 pondera
1510 3438 1539 3516 B
1556 3441 1596 3516 ὅ(
1611 3437 1664 3532 C,
1677 3433 1757 3518 uti.

1141 3545 1503 3664 queaequilibrium
1517 3551 1760 3636 horizonta„

1139 3663 1343 3762 lemanet,
1357 3691 1519 3778 propter
1531 3693 1760 3752 momento·
1844 3767 1848 3774 ι

1143 3809 1233 3864 rum
1248 3777 1758 3894 aequalitatcmtitmratio-
1807 3829 1809 3834 ·

979 3884 1053 4027 θ
1120 3911 1125 3920 ’
1144 3925 1197 3980 ne
1218 3901 1483 4010 'gravitatum
1514 3897 1730 4006 aequaliurn
1745 3959 1781 4001 ,.

1146 4011 1238 4097 timi
1257 4015 1410 4094 ratione
1429 4007 1645 4124 aequalium
1661 4042 1760 4127 pro-

1145 4125 1398 4242 pettstonum'
1418 4125 1470 4209 ad
1503 4157 1670 4244 motum.
1716 4135 1761 4216 Si

1065 4263 1119 4349 j·
1144 4237 1272 4354 igitur
1294 4239 1494 4356 applicati
1512 4273 1634 4350 manu
1658 4243 1702 4329 in
1728 4253 1767 4332 B

596 4442 600 4454 .
634 4415 638 4426 ·
1143 4355 1516 4474 deprimatu'rlibra,
1528 4389 1576 4442 ut
1585 4359 1634 4444 srt
1647 4365 1732 4444 DE
1742 4396 1766 4458 ς

377 4475 513 4576 amoti
532 4509 682 4584 manu,
710 4509 784 4569 cur
810 4479 947 4568 redeat
970 4473 1074 4564 libra
1096 4476 1151 4564 ad
1176 4475 1353 4592 priorem
1375 4471 1615 4587 positionem
1647 4479 1762 4590 BC?

377 4603 515 4690 adhuc
536 4599 649 4685 enirn
671 4625 881 4684 momenta·
890 4593 1085 4714 'utrinque
1108 4591 1199 4678 sunt
1222 4589 1422 4706 aequalia,
1446 4589 1761 4680 &tantumdem

372 4715 596 4814 oscendere
617 4715 785 4812 deberet
800 4715 867 4818 D,
882 4741 1085 4834 quantum
1098 4705 1363 4809 descenderet
1381 4711 1445 4805 E:
1469 4739 1542 4830 par
1557 4705 1767 4924 igsipirqli}

1538 4853 1612 4912 rer
1647 4853 1702 4912 en
