3794 5270
251 258 255 280 ·
372 249 500 355 742
876 203 1305 326 Methanic'omm
1453 279 1472 320 t

387 403 462 460 aut
478 377 521 456 in
541 366 611 456 illo
632 369 805 478 insidere
824 369 982 458 necesse
1006 373 1175 471 s1t‚aut
1198 375 1363 459 interire
1392 404 1406 468 t
1427 371 1613 489 :impetui
1641 403 1777 466 tamen

392 489 589 606 privatam
615 487 751 602 legem
776 483 800 572 ὲ
824 484 982 574 Natura
1021 495 1237 604 irrogatam
1271 485 1387 576 fuiffe
1421 496 1509 574 noia
1537 491 1598 576 est
1627 497 1776 604 incon-

255 667 268 688 .
392 605 815 720 gruum‚quippequi
836 609 965 698 motui
978 605 1471 705 efficiendo,&locorum
1483 617 1777 696 commutatio-

292 729 296 734 ’
372 723 458 822 nr,
472 749 679 834 tamquam
689 724 871 836 proxima
884 717 999 805 causa
1014 781 1025 819 ,
1041 718 1263 806 destinatus
1278 721 1364 818 ests
1383 720 1538 808 lienim
1551 723 1612 808 illi
1631 756 1778 842 corpo·

394 833 491 925 rum
504 836 707 930 transsatio
726 833 1038 934 tribuendaest,
1063 838 1266 950 quidni&
1286 835 1367 952 ipse
1390 833 1642 959 iwrpore,
1666 847 1779 956 quod

284 987 290 1044 ·,
392 947 905 1068 jamcommovore'nequit
918 951 973 1036 ob
986 951 1274 1051 resistentiam,
1286 953 1454 1040 inaliud
1474 985 1623 1069 corpus
1637 961 1779 1072 proxi-

394 1103 509 1182 mum
527 1065 683 1154 facilins
701 1065 851 1153 mobile
864 1064 1128 1164 transmittat,
1148 1097 1194 1150 ut
1208 1067 1491 1156 submoveatur
1504 1075 1784 1186 impedimen-

396 1189 677 1300 tumaNeque
688 1179 792 1268 mihi
804 1183 945 1268 videor
956 1182 1111 1268 temere
1124 1187 1167 1267 in
1181 1185 1290 1268 hanc
1301 1183 1780 1276 sententiamdiscesfiffe:

394 1299 604 1392 observavi
632 1293 921 1412 scilicetquitn
943 1298 1119 1384 inultum
1135 1300 1289 1384 interfit
1307 1305 1350 1384 in
1365 1303 1602 1388 vehementi
1620 1304 1783 1422 brachij

397 1421 647 1542 projectione
659 1408 717 1516 ,n
729 1415 826 1501 vere
843 1415 1020 1529 lapidem
1037 1443 1162 1499 manu
1173 1413 1336 1528 longius
1354 1423 1536 1504 excutias
1551 1481 1562 1518 ,
1576 1449 1628 1504 ac
1646 1421 1678 1502 fi
1696 1451 1786 1506 tan·
1882 1497 1883 1530 ³

398 1531 791 1629 tummodo,eidem
805 1532 973 1646 quidem
988 1530 1353 1632 contentioneJed
1363 1551 1487 1618 manu
1500 1535 1652 1634 vacui,
1670 1564 1714 1622 te
1729 1540 1788 1622 la·

333 1655 337 1675 '
400 1653 538 1772 pidem
549 1650 937 1764 jailaternentiaris:
956 1647 1159 1732 hocenint
1174 1645 1419 1761 postremum
1436 1649 1683 1736 stnedolore
1700 1676 1787 1738 non'

400 1768 572 1884 accidit,
586 1770 686 1880 quia
697 1769 870 1880 impetus
889 1757 914 1846 al
929 1760 1098 1847 brachio
1114 1764 1345 1876 inlapidem
1359 1765 1592 1872 jactandum
1606 1769 1785 1856 transfe-

401 1885 552 1972 rendus
575 1881 603 1964 st
623 1885 666 1963 in
691 1878 859 1964 brachio
884 1903 1143 1994 permaneat,
1163 1877 1244 1961 hoc
1260 1875 1393 1963 secum
1411 1885 1541 1996 rapit,
1562 1893 1607 1969 &
1628 1913 1788 1972 nexum

305 2098 309 2108 ,
400 1998 619 2094 distrahit,
644 2025 729 2112 quo
744 2023 909 2080 tenetur
925 2023 1023 2079 cum
1037 1993 1211 2078 humero
1234 1993 1482 2108 colligatum.
1531 2001 1589 2082 At
1606 2028 1664 2082 ne
1677 2001 1787 2088 forte
1883 2027 1884 2104 ς

405 2129 473 2205 m'e
497 2111 629 2223 potilrs
647 2109 850 2225 opinionis
866 2135 1099 2194 commento
1120 2169 1131 2208 ,
1157 2105 1282 2224 quim
1311 2141 1353 2196 re
1377 2113 1547 2196 dueum
1574 2109 1788 2230 suspiceris
1883 2129 1884 2214 Γ

405 2240 681 2348 (quamquam
693 2238 736 2314 δι
748 2225 815 2336 alii
828 2229 941 2314 hunc
960 2225 1139 2310 eundem
1153 2223 1309 2334 brachij
1326 2225 1508 2312 dolorem
1528 2235 1788 2344 experientes

331 2447 339 2456 ,
404 2377 491 2433 non
504 2341 624 2430 semel
641 2341 885 2454 probalrunt)
909 2339 1058 2428 balistae
1068 2370 1210 2425 arcum
1223 2339 1467 2454 chalybeum
1481 2347 1644 2430 intento
1658 2377 1789 2434 nervo

405 2461 593 2558 infleee,
607 2489 656 2544 ac
673 2456 832 2574 sapius,
847 2456 960 2544 nullo
973 2455 1129 2564 adjeno
1140 2455 1266 2568 globo
1277 2486 1348 2540 aut
1363 2457 1581 2574 telo,quod
1593 2455 1791 2576 explddat

409 2569 1125 2688 &ejiciat,submotonerviaddueli
1137 2572 1621 2660 retinaculodimittetan
1633 2581 1791 2666 diutiits

407 2683 813 2799 inanimem
827 2688 968 2806 licebit
987 2716 1000 2775 a
1020 2685 1243 2774 sexcenties
1257 2685 1400 2805 utique
1416 2702 1459 2778 ὃ(
1477 2691 1625 2776 millies
1646 2694 1792 2782 burste

382 2817 487 2898 ‘hac
514 2799 654 2920 globos
671 2802 1198 2934 argillaceorijac'ulaberis
1222 2802 1325 2889 citrrl
1343 2801 1456 2890 arclls
1471 2808 1790 2908 detrimentums

397 2921 686 3024 'stdnonitem
701 2937 789 3024 fine
799 2921 1067 3010 utromodo
1081 2919 1403 3036 saepiltsvacuum
1416 2953 1586 3008 nervum
1596 2927 1792 3027 dimittes,

412 3048 514 3162 quin
526 3033 740 3154 mlple
760 3041 803 3126 in
823 3040 1049 3150 periculum
1068 3067 1116 3122 ac
1141 3033 1357 3124 discrimen
1372 3069 1569 3136 vocetur,
1595 3073 1650 3126 ne
1668 3045 1790 3130 facile
1884 3081 1885 3096 l

410 3148 706 3272 disrumpatur:
722 3159 896 3272 impetus
916 3155 1139 3272 siquidem,
1153 3185 1277 3271 quem
1292 3152 1418 3240 millili
1433 3159 1665 3269 imprimere
1674 3189 1793 3275 opor-

414 3271 508 3371 tuit,
521 3277 565 3356 in
578 3300 689 3370 arcu,
705 3271 804 3359 dum
820 3270 898 3356 sese
912 3279 952 3356 vi
964 3269 1126 3355 elastici
1139 3271 1327 3368 restituit,
1345 3275 1712 3386 permanensillum
1728 3307 1793 3362 va-

359 3391 363 3404 ’
414 3387 536 3482 lidilts
549 3392 747 3489 concutit,
757 3397 803 3473 ac
822 3386 959 3504 sapius
971 3379 1214 3474 labeneans
1227 3389 1393 3472 demum
1403 3386 1594 3472 diffindit.

459 3501 1794 3706 Qppropter,cnmexprojeuionibussatishabeamusargumen-

416 3631 462 3725 ti,
482 3652 535 3740 po
565 3625 795 3727 eimpetutn
807 3649 859 3708 ex
867 3620 1109 3736 projiciente
1120 3623 1292 3730 migrare
1305 3624 1348 3704 in
1364 3621 1603 3734 projecium,
1615 3653 1699 3739 quo
1708 3654 1793 3708 mo-

400 3763 558 3848 'mento
576 3733 807 3847 projiciturr
822 3767 895 3822 cur
910 3767 993 3822 non
1011 3737 1109 3822 item
1127 3743 1274 3852 poterit
1285 3745 1461 3852 impetus
1474 3767 1527 3822 ex
1539 3745 1795 3852 percutiente

309 3850 350 3952 ·l
416 3863 462 3944 in
477 3845 704 3972 perculsum
716 3853 893 3953 transire,
907 3883 991 3969 quo
1003 3879 1211 3938 momento
1223 3860 1462 3966 percutitur,
1473 3881 1595 3966 prout
1611 3855 1695 3940 hoc
1709 3887 1796 3940 tno-

417 4003 507 4060 tum
526 3969 702 4086 aliquem
718 3975 933 4084 concipere
947 3969 1079 4085 potest
1088 3996 1162 4084 pro
1176 3965 1352 4083 impetlrs
1367 3971 1544 4054 Ratione
1561 3995 1576 4056 2

478 4091 631 4200 Neque
643 4113 690 4168 ut
703 4087 867 4194 percuffi
887 4090 1084 4202 impetum
1102 4082 1127 4169 al
1142 4085 1407 4202 percutientis
1426 4081 1578 4170 virtute
1599 4116 1699 4174 tunc
1716 4091 1799 4208 pri-

420 4201 495 4292 mo
512 4201 754 4316 produstum
766 4199 965 4298 adstruas,
985 4201 1232 4286 conferenda
1243 4199 1302 4286 est
1314 4200 1513 4286 Percuffio
1531 4233 1627 4288 cum
1645 4208 1796 4322 Impul-

422 4315 1797 4435 {ionesnonenimpatestinPetcuffioneautProjeffione,atquein

424 4431 602 4548 Simplici
616 4435 859 4548 Impulstone
872 4463 943 4518 aut
953 4437 1171 4518 Traclione
1178 4431 1492 4550 philosophandi
1505 4436 1609 4520 tatio
1626 4443 1797 4524 :Potcn

359 4565 367 4599 ⁸
425 4559 480 4641 tia
504 4547 616 4634 enirn
632 4541 792 4664 corpori
810 4547 981 4665 impulsp
1001 4578 1075 4633 aut
1091 4579 1245 4665 raptato
1275 4549 1473 4666 applicata
1500 4554 1689 4666 quandiu
1708 4585 1797 4638 cunr

420 4668 495 4764 illo
516 4669 710 4766 nectitur,
726 4677 768 4754 &
786 4663 847 4766 se,
863 4671 906 4760 ’ἃ
919 4666 1021 4754 illud
1035 4694 1174 4754 movet
1185 4667 1296 4786 quafi
1312 4695 1455 4790 corpus
1475 4699 1610 4760 unum
1621 4703 1675 4760 ex
1690 4699 1796 4758 utto-

1719 4816 1793 4902 quc

228 347 250 388 l
