3818 5264
391 227 492 338 168
855 207 1278 332 mechanicorum
1320 253 1324 266 ·

390 392 442 470 tis
460 382 759 475 additamentor
773 371 966 466 sedaliam
979 379 1202 495 potentiam
1217 437 1228 475 ‚
1246 403 1335 492 quae
1350 379 1577 494 conjunctis
1588 411 1682 470 cum
1694 377 1767 472 illd

389 501 542 586 viribus
563 527 680 611 agat,
702 493 982 581 consociando
1267 521 1273 536 ·

448 617 528 700 Sed
551 625 593 702 δι
606 613 707 698 illud
720 611 1128 697 animadvertendum
1148 609 1232 706 cst,
1248 611 1317 695 vix
1335 633 1517 723 unquam
1534 611 1621 693 fieti
1641 604 1766 724 poss'e,

389 759 435 816 ut
451 736 635 848 potentia
649 755 816 813 movens
831 727 934 812 nihil
948 722 1103 842 prorsus
1120 728 1401 842 impedimenti
1418 720 1644 810 dmachind
1661 732 1767 810 reci-

385 853 492 963 piat:
510 845 592 932 five
605 843 924 928 enimmachinae
938 842 1059 957 ipsius
1074 871 1163 958 pars
1176 840 1309 957 aliqua
1328 845 1459 954 gravis
1476 841 1671 925 elevanda
1682 841 1764 937 estr

384 955 782 1058 sivemombrorum,
795 962 837 1042 in
853 986 942 1073 quae
956 958 1148 1040 machina
1167 955 1444 1054 distribuitur,
1461 961 1638 1040 invicem
1656 987 1764 1042 con-

391 1078 638 1193 fligentium,
650 1072 770 1188 seque
781 1075 946 1158 viciffim
957 1078 1177 1156 terentium
1195 1070 1379 1186 asperitas
1394 1072 1548 1157 obsistit
1558 1105 1569 1166 5
1585 1069 1663 1154 sive
1675 1103 1765 1164 mo·

388 1223 455 1276 tus
473 1199 486 1289 (
503 1222 547 1276 ut
562 1191 761 1276 machinae
785 1190 878 1306 ipsi,
894 1193 961 1274 cui
978 1186 1202 1304 applicatur
1220 1193 1400 1302 potentia
1417 1249 1428 1286 ,
1445 1185 1717 1280 obsecundet)
1742 1187 1782 1272 dl

341 1301 1791 1424 &suddirettioneinflectiturrsivequidhujusmodiintercedit,quod·
1896 1315 1897 1322 ‘

387 1419 543 1540 aliquid
554 1424 606 1508 de
618 1415 752 1512 motirs
768 1418 983 1506 velocitate
997 1423 1234 1515 imminuat,
1249 1448 1338 1533 quae
1352 1425 1568 1534 cateroqui
1583 1447 1764 1534 concep-

389 1567 477 1626 tum
487 1541 677 1652 potentiae
689 1535 739 1622 ab
755 1540 867 1623 omni
881 1534 1073 1620 machina
1081 1530 1268 1628 absolutae
1282 1539 1480 1649 impetum
1494 1533 1763 1648 consequere-

391 1683 469 1738 tur.
514 1658 574 1738 Ex
597 1654 663 1738 his
684 1679 820 1736 tamen
843 1651 978 1768 aliqua
994 1647 1112 1747 sunt,
1140 1679 1230 1761 quae
1249 1653 1304 1734 ita
1319 1655 1449 1736 motui
1470 1651 1762 1766 potenticeoffi-

388 1775 505 1854 ciunt
518 1832 529 1868 ,
544 1795 590 1852 ut
604 1769 656 1854 ad
673 1767 932 1853 retinendum
942 1797 1045 1852 onus
1055 1771 1202 1878 juvent
1217 1799 1228 1858 ς
1242 1766 1366 1878 hujus
1379 1767 1574 1868 siquidem
1588 1772 1764 1876 gravitas

386 1883 521 1972 minias
537 1881 728 1968 adversus
739 1885 963 1997 potentiam
973 1881 1105 1978 valet,
1120 1881 1147 1964 sr
1163 1891 1205 1966 ἃ
1216 1878 1366 1994 ipsum,
1382 1887 1478 1996 quia
1494 1884 1694 1966 machina:
1711 1881 1761 1962 il-

385 2000 557 2112 ligatum
583 1995 734 2082 aredio
756 2003 801 2082 in
826 2025 1012 2082 centrum
1037 1999 1223 2109 gravium
1247 2001 1404 2081 tramite
1422 1996 1638 2082 defleuere
1659 2059 1670 2094 ,
1693 1996 1761 2080 vel

354 2202 357 2208 ,
387 2141 575 2200 mutuum
586 2117 763 2228 partium
779 2109 818 2198 se
833 2116 1050 2198 terentium
1061 2109 1297 2196 conflictum
1311 2117 1475 2196 vincere
1494 2141 1689 2224 cogatur,
1717 2137 1763 2194 ut

386 2235 470 2315 vim
490 2234 681 2344 potentiae
695 2228 851 2316 inferat.
881 2227 1038 2315 Verium
1054 2228 1156 2324 haec,
1172 2232 1368 2342 quamvis,
1384 2227 1453 2312 ubi
1467 2259 1527 2310 res
1543 2229 1594 2310 ad
1607 2233 1761 2355 praxim
1801 2229 1805 2234 ’
1856 2233 1859 2239 ’

357 2394 359 2398 ·
385 2346 626 2443 deducitur,
650 2373 722 2458 per
739 2345 938 2428 incuriam
950 2342 1228 2428 diffimulanda
1244 2373 1328 2428 non
1351 2344 1455 2442 sint,
1480 2341 1551 2432 sub
1582 2343 1763 2440 staticam

367 2461 757 2556 „considerationem
776 2456 847 2544 hic
867 2487 952 2542 non
975 2460 1151 2556 cadunt,
1172 2457 1242 2542 ubi
1263 2459 1545 2568 machinarum
1564 2463 1667 2542 virts
1685 2487 1760 2552 ex-

389 2578 627 2690 penduntur
644 2609 656 2671 5
679 2576 823 2660 harum
850 2577 961 2658 enim
981 2575 1111 2688 figura
1137 2571 1572 2688 perindeattenditur,
1592 2573 1760 2689 atquesr

388 2689 495 2776 nihil
510 2681 756 2805 adjumenti,
769 2689 874 2776 nihil
892 2687 1126 2776 detrimenti
1135 2718 1186 2772 ex
1198 2689 1366 2772 materid
1379 2691 1602 2792 accederet.

448 2807 516 2892 Ad
530 2836 615 2890 rem
627 2813 763 2920 itaque
782 2804 944 2918 propiir's
957 2801 1245 2890 accedentibus
1256 2803 1472 2890 recolenda
1485 2802 1576 2889 sunt
1588 2835 1657 2904 ea,
1670 2837 1761 2922 quae

389 2926 432 3008 in
450 2919 720 3035 superioribus
734 2921 857 3030 hujus
868 2919 961 3006 libri
974 2918 1173 3042 capitibus
1190 2919 1388 3038 disputata
1407 2918 1496 3006 sunt
1510 2983 1520 3018 ,
1536 2926 1761 3036 proximam

389 3037 582 3122 videlicet
599 3033 734 3126 morsu
748 3033 997 3124 effectricem
1012 3033 1170 3127 causam
1183 3040 1380 3150 impetum
1391 3031 1471 3124 effe
1486 3037 1568 3120 srv'e
1583 3037 1635 3121 ab
1652 3043 1760 3122 inte·

391 3156 497 3238 tiore
510 3157 658 3241 virtuto
671 3161 903 3270 manantem
922 3155 968 3243 ¹in
984 3155 1054 3254 iis„
1074 3181 1164 3270 quae
1185 3149 1326 3267 sponte
1340 3147 1407 3236 sud
1419 3171 1656 3253 moventur,
1676 3153 1759 3239 sive

386 3264 637 3358 extrinsecus
659 3267 823 3356 aliunde
834 3267 1065 3387 impreffum
1076 3273 1251 3384 iis,quae
1264 3267 1406 3354 natura
1420 3295 1671 3385 repugnante
1687 3297 1760 3385 per

387 3387 478 3468 vim
493 3389 652 3470 cientur
673 3421 682 3472 t
706 3416 758 3473 ex
779 3388 894 3498 cujus
911 3381 1089 3500 impetiit
1104 3385 1356 3484 intenfione‚
1379 3384 1579 3500 qautenus
1594 3403 1759 3471 omnem

384 3497 651 3587 resistentiam
665 3498 1021 3618 suptrat‚motutrm
1035 3499 1226 3585 velocitas
1236 3505 1384 3585 oritur:
1400 3515 1610 3616 nunquam
1623 3527 1758 3584 autem

392 3611 717 3702 dvelocitateaut
730 3618 916 3706 tarditate
926 3645 1083 3706 motum
1094 3613 1250 3730 sejungi
1260 3612 1368 3731 poffe
1380 3646 1537 3702 certum
1546 3615 1759 3731 est,quip·

387 3759 442 3846 pe
460 3731 533 3845 qui
553 3761 629 3816 nec
647 3731 731 3820 srn‘e
747 3731 771 3818 s
789 3736 872 3820 atio
890 3761 962 3847 per
981 3733 1093 3846 quod
1111 3735 1349 3818 decurratur
1364 3795 1376 3832 ‚
1392 3763 1470 3818 nec
1483 3731 1567 3816 fine
1585 3735 1759 3846 partium

390 3846 465 3930 fibi
488 3843 596 3935 certa
623 3847 716 3960 lege
760 3849 1047 3934 uccedentium
1070 3851 1378 3932 continuatione
1404 3879 1452 3932 ac
1483 3845 1580 3933 serie
1606 3845 1756 3932 intelli-

391 3966 433 4074 gi
458 3960 601 4077 potest.
656 3969 796 4078 Qare
824 3971 866 4048 &
895 3961 1125 4051 resistentia
1147 3991 1353 4048 momenta
1378 3962 1467 4050 tiam
1497 3994 1548 4060 ex
1582 3968 1758 4081 corporis

389 4077 581 4168 movendi
599 4084 815 4188 gravitate,
835 4073 923 4165 tiam
945 4109 997 4166 ex
1013 4079 1228 4164 velocitate
1253 4084 1444 4194 componi
1466 4077 1604 4194 saepiits
1623 4082 1758 4162 innui·

390 4221 504 4290 mus,
522 4221 568 4277 ut
587 4193 685 4280 hinc
707 4187 932 4280 innotescat
952 4195 1039 4280 fieri
1061 4193 1183 4280 facile
1207 4189 1340 4308 poffe,
1362 4223 1430 4292 ιιι,
1456 4195 1557 4280 sicut
1579 4191 1761 4308 ejusden

389 4312 593 4422 gravitatis
615 4307 834 4394 resistentia
854 4309 1060 4424 inaequalis
1080 4309 1163 4406 est,
1191 4309 1757 4428 fivelocitateinaequalimo·
1872 4389 1884 4424 ⁸

389 4423 523 4508 venda
538 4423 611 4519 stt,
628 4435 667 4512 δι
685 4427 928 4537 gravitatum
948 4426 1209 4539 iuaequalium
1225 4423 1394 4545 disparia
1416 4423 1508 4510 sunt
1529 4425 1757 4512 tefistentiae

386 4564 616 4639 momenta,
637 4541 822 4638 finano,
845 4567 935 4654 quae
955 4570 1006 4624 ex
1023 4545 1267 4652 gravitatum
1286 4553 1329 4634 &
1344 4541 1606 4629 velocitatum
1616 4544 1763 4626 Ratio--
1896 4639 1897 4642 Ν

268 4692 272 4706 ·
384 4649 504 4746 nibus
525 4661 807 4770 componitur,
827 4652 875 4742 sit
892 4655 1333 4774 Ratiolnaequattatis,
1350 4664 1445 4776 quia
1458 4661 1619 4771 gravior
1640 4656 1754 4802 velo
1827 4665 1831 4676 '

1650 4804 1748 4872 crus,
