<?xml version="1.0" encoding="UTF-8"?>
<!DOCTYPE html PUBLIC "-//W3C//DTD XHTML 1.0 Transitional//EN"
    "http://www.w3.org/TR/xhtml1/DTD/xhtml1-transitional.dtd">
<html xmlns="http://www.w3.org/1999/xhtml" xml:lang="en" lang="en">
 <head>
  <title>
</title>
<meta http-equiv="Content-Type" content="text/html;charset=utf-8" />
  <meta name='ocr-system' content='tesseract 3.04.00' />
  <meta name='ocr-capabilities' content='ocr_page ocr_carea ocr_par ocr_line ocrx_word'/>
</head>
<body>
  <div class='ocr_page' id='page_1' title='image "./rppaulicasatipl00casagoog_0046.png"; bbox 0 0 3918 5262; ppageno 0'>
   <div class='ocr_carea' id='block_1_1' title="bbox 535 137 1716 356">
    <p class='ocr_par' dir='ltr' id='par_1_1' title="bbox 535 137 1716 356">
     <span class='ocr_line' id='line_1_1' title="bbox 535 137 1716 356; baseline 0.011 -42"><span class='ocrx_word' id='word_1_1' title='bbox 535 201 901 356; x_wconf 79' lang='lat' dir='ltr'>Liberprimus.</span> <span class='ocrx_word' id='word_1_2' title='bbox 942 203 1155 320; x_wconf 80' lang='lat' dir='ltr'>CAPuT</span> <span class='ocrx_word' id='word_1_3' title='bbox 1180 212 1280 324; x_wconf 90' lang='lat' dir='ltr'>IV.</span> <span class='ocrx_word' id='word_1_4' title='bbox 1523 255 1594 330; x_wconf 74' lang='lat' dir='ltr'>rr</span> <span class='ocrx_word' id='word_1_5' title='bbox 1695 137 1716 209; x_wconf 85' lang='grc' dir='ltr'> </span> 
     </span>
    </p>
   </div>
   <div class='ocr_carea' id='block_1_2' title="bbox 130 359 1721 3716">
    <p class='ocr_par' dir='ltr' id='par_1_2' title="bbox 215 359 1598 1066">
     <span class='ocr_line' id='line_1_2' title="bbox 216 359 1596 494; baseline 0.009 -40"><span class='ocrx_word' id='word_1_6' title='bbox 216 397 358 488; x_wconf 73' lang='lat' dir='ltr'>prater</span> <span class='ocrx_word' id='word_1_7' title='bbox 375 395 448 454; x_wconf 88' lang='lat' dir='ltr'>eas</span> <span class='ocrx_word' id='word_1_8' title='bbox 467 427 478 464; x_wconf 91' lang='lat'>‚</span> <span class='ocrx_word' id='word_1_9' title='bbox 509 394 599 480; x_wconf 84' lang='lat' dir='ltr'>quae</span> <span class='ocrx_word' id='word_1_10' title='bbox 621 370 665 450; x_wconf 89' lang='lat' dir='ltr'>in</span> <span class='ocrx_word' id='word_1_11' title='bbox 680 359 824 450; x_wconf 71' lang='lat' dir='ltr'>eidem</span> <span class='ocrx_word' id='word_1_12' title='bbox 844 364 1075 450; x_wconf 72' lang='lat' dir='ltr'>directionis</span> <span class='ocrx_word' id='word_1_13' title='bbox 1094 365 1204 454; x_wconf 68' lang='lat' dir='ltr'>sines</span> <span class='ocrx_word' id='word_1_14' title='bbox 1223 369 1315 461; x_wconf 89' lang='lat' dir='ltr'>sunt</span> <span class='ocrx_word' id='word_1_15' title='bbox 1337 403 1432 462; x_wconf 89' lang='lat' dir='ltr'>cum</span> <span class='ocrx_word' id='word_1_16' title='bbox 1452 408 1596 494; x_wconf 71' lang='lat' dir='ltr'>centrp</span> 
     </span>
     <span class='ocr_line' id='line_1_3' title="bbox 215 479 1598 608; baseline 0.01 -38"><span class='ocrx_word' id='word_1_17' title='bbox 215 488 424 600; x_wconf 71' lang='lat' dir='ltr'>gravitatis</span> <span class='ocrx_word' id='word_1_18' title='bbox 439 516 452 576; x_wconf 79' lang='lat'>5</span> <span class='ocrx_word' id='word_1_19' title='bbox 469 479 634 594; x_wconf 75' lang='lat' dir='ltr'>singula:</span> <span class='ocrx_word' id='word_1_20' title='bbox 650 481 825 566; x_wconf 82' lang='lat' dir='ltr'>enimad</span> <span class='ocrx_word' id='word_1_21' title='bbox 840 506 1026 566; x_wconf 85' lang='lat' dir='ltr'>centrum</span> <span class='ocrx_word' id='word_1_22' title='bbox 1038 510 1149 566; x_wconf 85' lang='lat' dir='ltr'>terrae</span> <span class='ocrx_word' id='word_1_23' title='bbox 1165 491 1406 574; x_wconf 86' lang='lat' dir='ltr'>accedentes</span> <span class='ocrx_word' id='word_1_24' title='bbox 1420 501 1551 608; x_wconf 80' lang='lat' dir='ltr'>magis</span> <span class='ocrx_word' id='word_1_25' title='bbox 1570 497 1598 585; x_wconf 70' lang='lat' dir='ltr'>b</span> 
     </span>
     <span class='ocr_line' id='line_1_4' title="bbox 216 591 1596 724; baseline 0.009 -38"><span class='ocrx_word' id='word_1_26' title='bbox 216 601 284 686; x_wconf 93' lang='lat' dir='ltr'>suo</span> <span class='ocrx_word' id='word_1_27' title='bbox 299 596 596 718; x_wconf 89' lang='lat' dir='ltr'>perpendiculo</span> <span class='ocrx_word' id='word_1_28' title='bbox 611 599 829 695; x_wconf 84' lang='lat' dir='ltr'>recedunt,</span> <span class='ocrx_word' id='word_1_29' title='bbox 844 591 1057 712; x_wconf 70' lang='lat' dir='ltr'>minusque</span> <span class='ocrx_word' id='word_1_30' title='bbox 1069 597 1255 688; x_wconf 88' lang='lat' dir='ltr'>deorsum</span> <span class='ocrx_word' id='word_1_31' title='bbox 1268 610 1481 718; x_wconf 84' lang='lat' dir='ltr'>gravitant.</span> <span class='ocrx_word' id='word_1_32' title='bbox 1508 609 1596 724; x_wconf 74' lang='lat' dir='ltr'>Qui</span> 
     </span>
     <span class='ocr_line' id='line_1_5' title="bbox 215 710 1596 832; baseline 0.008 -31"><span class='ocrx_word' id='word_1_33' title='bbox 215 722 342 832; x_wconf 89' lang='lat' dir='ltr'>igitur</span> <span class='ocrx_word' id='word_1_34' title='bbox 362 717 451 800; x_wconf 88' lang='lat' dir='ltr'>sieri</span> <span class='ocrx_word' id='word_1_35' title='bbox 466 713 578 829; x_wconf 88' lang='lat' dir='ltr'>poffit</span> <span class='ocrx_word' id='word_1_36' title='bbox 592 775 604 812; x_wconf 91' lang='lat'>,</span> <span class='ocrx_word' id='word_1_37' title='bbox 619 741 664 795; x_wconf 91' lang='lat' dir='ltr'>ut</span> <span class='ocrx_word' id='word_1_38' title='bbox 679 710 890 798; x_wconf 80' lang='lat' dir='ltr'>debilitato</span> <span class='ocrx_word' id='word_1_39' title='bbox 903 711 1149 824; x_wconf 78' lang='lat' dir='ltr'>singularum</span> <span class='ocrx_word' id='word_1_40' title='bbox 1169 719 1456 831; x_wconf 86' lang='lat' dir='ltr'>particularum</span> <span class='ocrx_word' id='word_1_41' title='bbox 1473 757 1596 812; x_wconf 85' lang='lat' dir='ltr'>cona-</span> 
     </span>
     <span class='ocr_line' id='line_1_6' title="bbox 217 826 1594 948; baseline -0.004 -32"><span class='ocrx_word' id='word_1_42' title='bbox 217 863 288 932; x_wconf 87' lang='lat' dir='ltr'>tu,</span> <span class='ocrx_word' id='word_1_43' title='bbox 311 861 435 947; x_wconf 90' lang='lat' dir='ltr'>atque</span> <span class='ocrx_word' id='word_1_44' title='bbox 455 834 610 944; x_wconf 89' lang='lat' dir='ltr'>impetu</span> <span class='ocrx_word' id='word_1_45' title='bbox 631 826 839 926; x_wconf 90' lang='lat' dir='ltr'>deorsum,</span> <span class='ocrx_word' id='word_1_46' title='bbox 861 857 946 912; x_wconf 90' lang='lat' dir='ltr'>non</span> <span class='ocrx_word' id='word_1_47' title='bbox 968 833 1176 914; x_wconf 89' lang='lat' dir='ltr'>minuatur</span> <span class='ocrx_word' id='word_1_48' title='bbox 1195 841 1346 948; x_wconf 80' lang='lat' dir='ltr'>pariter</span> <span class='ocrx_word' id='word_1_49' title='bbox 1363 841 1487 924; x_wconf 79' lang='lat' dir='ltr'>totius</span> <span class='ocrx_word' id='word_1_50' title='bbox 1503 873 1594 926; x_wconf 65' lang='grc' dir='ltr'>ως.</span> 
     </span>
     <span class='ocr_line' id='line_1_7' title="bbox 215 944 1072 1066; baseline -0.006 -34"><span class='ocrx_word' id='word_1_51' title='bbox 215 953 324 1066; x_wconf 86' lang='lat' dir='ltr'>poris</span> <span class='ocrx_word' id='word_1_52' title='bbox 340 951 575 1060; x_wconf 65' lang='lat' dir='ltr'>gramatio,</span> <span class='ocrx_word' id='word_1_53' title='bbox 593 944 621 1027; x_wconf 87' lang='lat' dir='ltr'>fi</span> <span class='ocrx_word' id='word_1_54' title='bbox 638 945 707 1028; x_wconf 87' lang='lat' dir='ltr'>fiat</span> <span class='ocrx_word' id='word_1_55' title='bbox 718 972 860 1028; x_wconf 90' lang='lat' dir='ltr'>centro</span> <span class='ocrx_word' id='word_1_56' title='bbox 871 945 1072 1028; x_wconf 74' lang='lat' dir='ltr'>vicinius.²</span> 
     </span>
    </p>

    <p class='ocr_par' dir='ltr' id='par_1_3' title="bbox 130 1059 1721 3716">
     <span class='ocr_line' id='line_1_8' title="bbox 276 1059 1594 1186; baseline -0.007 -38"><span class='ocrx_word' id='word_1_57' title='bbox 276 1063 382 1148; x_wconf 91' lang='lat' dir='ltr'>lssud</span> <span class='ocrx_word' id='word_1_58' title='bbox 396 1091 533 1144; x_wconf 87' lang='lat' dir='ltr'>tamen</span> <span class='ocrx_word' id='word_1_59' title='bbox 549 1059 1140 1178; x_wconf 86' lang='lat' dir='ltr'>nondiffiteor,quods1medij</span> <span class='ocrx_word' id='word_1_60' title='bbox 1156 1060 1360 1166; x_wconf 87' lang='lat' dir='ltr'>levitates,</span> <span class='ocrx_word' id='word_1_61' title='bbox 1381 1095 1452 1170; x_wconf 80' lang='lat' dir='ltr'>aut</span> <span class='ocrx_word' id='word_1_62' title='bbox 1463 1099 1594 1186; x_wconf 69' lang='lat' dir='ltr'>angu.</span> 
     </span>
     <span class='ocr_line' id='line_1_9' title="bbox 217 1173 1593 1274; baseline 0.007 -11"><span class='ocrx_word' id='word_1_63' title='bbox 217 1178 351 1264; x_wconf 88' lang='lat' dir='ltr'>lorum</span> <span class='ocrx_word' id='word_1_64' title='bbox 368 1179 405 1262; x_wconf 87' lang='lat' dir='ltr'>C</span> <span class='ocrx_word' id='word_1_65' title='bbox 419 1179 452 1258; x_wconf 86' lang='lat' dir='ltr'>L</span> <span class='ocrx_word' id='word_1_66' title='bbox 468 1177 522 1274; x_wconf 87' lang='lat' dir='ltr'>E,</span> <span class='ocrx_word' id='word_1_67' title='bbox 545 1180 624 1262; x_wconf 91' lang='lat' dir='ltr'>CB</span> <span class='ocrx_word' id='word_1_68' title='bbox 640 1177 673 1257; x_wconf 93' lang='lat' dir='ltr'>L</span> <span class='ocrx_word' id='word_1_69' title='bbox 690 1173 972 1260; x_wconf 63' lang='lat' dir='ltr'>inclinationes</span> <span class='ocrx_word' id='word_1_70' title='bbox 987 1205 1037 1258; x_wconf 89' lang='lat' dir='ltr'>eo</span> <span class='ocrx_word' id='word_1_71' title='bbox 1050 1178 1207 1263; x_wconf 80' lang='lat' dir='ltr'>tantitm</span> <span class='ocrx_word' id='word_1_72' title='bbox 1222 1178 1450 1270; x_wconf 85' lang='lat' dir='ltr'>discrimine</span> <span class='ocrx_word' id='word_1_73' title='bbox 1463 1181 1593 1273; x_wconf 88' lang='lat' dir='ltr'>secer·</span> 
     </span>
     <span class='ocr_line' id='line_1_10' title="bbox 219 1281 1721 1416; baseline 0.006 -36"><span class='ocrx_word' id='word_1_74' title='bbox 219 1323 394 1391; x_wconf 84' lang='lat' dir='ltr'>nantnr,</span> <span class='ocrx_word' id='word_1_75' title='bbox 413 1291 525 1408; x_wconf 90' lang='lat' dir='ltr'>quod</span> <span class='ocrx_word' id='word_1_76' title='bbox 538 1321 702 1375; x_wconf 90' lang='lat' dir='ltr'>omnem</span> <span class='ocrx_word' id='word_1_77' title='bbox 716 1287 871 1376; x_wconf 89' lang='lat' dir='ltr'>sensum</span> <span class='ocrx_word' id='word_1_78' title='bbox 891 1289 1043 1403; x_wconf 87' lang='lat' dir='ltr'>fugiat,</span> <span class='ocrx_word' id='word_1_79' title='bbox 1063 1281 1277 1380; x_wconf 75' lang='lat' dir='ltr'>vessaitem</span> <span class='ocrx_word' id='word_1_80' title='bbox 1289 1325 1340 1382; x_wconf 88' lang='lat' dir='ltr'>ex</span> <span class='ocrx_word' id='word_1_81' title='bbox 1362 1304 1487 1416; x_wconf 87' lang='lat' dir='ltr'>medij</span> <span class='ocrx_word' id='word_1_82' title='bbox 1501 1332 1593 1416; x_wconf 86' lang='lat' dir='ltr'>gra·</span> <span class='ocrx_word' id='word_1_83' title='bbox 1718 1363 1721 1372; x_wconf 68' lang='lat'><em>‹</em></span> 
     </span>
     <span class='ocr_line' id='line_1_11' title="bbox 217 1405 1595 1526; baseline 0.009 -34"><span class='ocrx_word' id='word_1_84' title='bbox 217 1415 375 1506; x_wconf 82' lang='lat' dir='ltr'>vitate,</span> <span class='ocrx_word' id='word_1_85' title='bbox 407 1407 607 1519; x_wconf 83' lang='lat' dir='ltr'>&amp;anguli</span> <span class='ocrx_word' id='word_1_86' title='bbox 629 1408 912 1518; x_wconf 84' lang='lat' dir='ltr'>magnitudine</span> <span class='ocrx_word' id='word_1_87' title='bbox 935 1411 1187 1519; x_wconf 68' lang='lat' dir='ltr'>conjunctim</span> <span class='ocrx_word' id='word_1_88' title='bbox 1212 1405 1375 1526; x_wconf 89' lang='lat' dir='ltr'>sumptis</span> <span class='ocrx_word' id='word_1_89' title='bbox 1395 1423 1489 1500; x_wconf 89' lang='lat' dir='ltr'>oriri</span> <span class='ocrx_word' id='word_1_90' title='bbox 1507 1431 1595 1505; x_wconf 86' lang='lat' dir='ltr'>non</span> 
     </span>
     <span class='ocr_line' id='line_1_12' title="bbox 218 1518 1592 1645; baseline -0.004 -37"><span class='ocrx_word' id='word_1_91' title='bbox 218 1526 331 1638; x_wconf 87' lang='lat' dir='ltr'>poffit</span> <span class='ocrx_word' id='word_1_92' title='bbox 343 1527 512 1607; x_wconf 85' lang='lat' dir='ltr'>varietas</span> <span class='ocrx_word' id='word_1_93' title='bbox 525 1583 535 1619; x_wconf 95' lang='lat'>,</span> <span class='ocrx_word' id='word_1_94' title='bbox 549 1553 639 1638; x_wconf 85' lang='lat' dir='ltr'>quae</span> <span class='ocrx_word' id='word_1_95' title='bbox 659 1519 730 1606; x_wconf 93' lang='lat' dir='ltr'>sub</span> <span class='ocrx_word' id='word_1_96' title='bbox 743 1518 900 1606; x_wconf 90' lang='lat' dir='ltr'>sensum</span> <span class='ocrx_word' id='word_1_97' title='bbox 919 1521 1055 1616; x_wconf 78' lang='lat' dir='ltr'>cadat5</span> <span class='ocrx_word' id='word_1_98' title='bbox 1079 1553 1212 1638; x_wconf 90' lang='lat' dir='ltr'>neque</span> <span class='ocrx_word' id='word_1_99' title='bbox 1232 1534 1480 1643; x_wconf 85' lang='lat' dir='ltr'>percipietur</span> <span class='ocrx_word' id='word_1_100' title='bbox 1500 1563 1592 1645; x_wconf 75' lang='lat' dir='ltr'>gra.</span> 
     </span>
     <span class='ocr_line' id='line_1_13' title="bbox 218 1633 1593 1752; baseline 0.005 -27"><span class='ocrx_word' id='word_1_101' title='bbox 218 1643 424 1726; x_wconf 84' lang='lat' dir='ltr'>vitationis</span> <span class='ocrx_word' id='word_1_102' title='bbox 446 1633 679 1747; x_wconf 80' lang='lat' dir='ltr'>differentia</span> <span class='ocrx_word' id='word_1_103' title='bbox 698 1641 741 1720; x_wconf 91' lang='lat' dir='ltr'>in</span> <span class='ocrx_word' id='word_1_104' title='bbox 754 1641 894 1752; x_wconf 89' lang='lat' dir='ltr'>majori</span> <span class='ocrx_word' id='word_1_105' title='bbox 909 1639 1129 1735; x_wconf 73' lang='lat' dir='ltr'>vicinitate.</span> <span class='ocrx_word' id='word_1_106' title='bbox 1177 1644 1256 1726; x_wconf 92' lang='lat' dir='ltr'>Sed</span> <span class='ocrx_word' id='word_1_107' title='bbox 1277 1643 1358 1726; x_wconf 90' lang='lat' dir='ltr'>hoc</span> <span class='ocrx_word' id='word_1_108' title='bbox 1379 1675 1463 1728; x_wconf 91' lang='lat' dir='ltr'>non</span> <span class='ocrx_word' id='word_1_109' title='bbox 1479 1649 1593 1752; x_wconf 84' lang='lat' dir='ltr'>facit,</span> 
     </span>
     <span class='ocr_line' id='line_1_14' title="bbox 216 1749 1655 1874; baseline 0.002 -35"><span class='ocrx_word' id='word_1_110' title='bbox 216 1761 321 1874; x_wconf 91' lang='lat' dir='ltr'>quin</span> <span class='ocrx_word' id='word_1_111' title='bbox 346 1758 453 1837; x_wconf 89' lang='lat' dir='ltr'>inter</span> <span class='ocrx_word' id='word_1_112' title='bbox 475 1755 761 1866; x_wconf 86' lang='lat' dir='ltr'>gravitationcs</span> <span class='ocrx_word' id='word_1_113' title='bbox 788 1749 1003 1838; x_wconf 85' lang='lat' dir='ltr'>discrimen</span> <span class='ocrx_word' id='word_1_114' title='bbox 1032 1757 1256 1840; x_wconf 87' lang='lat' dir='ltr'>mtercedat</span> <span class='ocrx_word' id='word_1_115' title='bbox 1278 1791 1290 1850; x_wconf 79' lang='lat'>5</span> <span class='ocrx_word' id='word_1_116' title='bbox 1316 1789 1449 1874; x_wconf 88' lang='lat' dir='ltr'>neque</span> <span class='ocrx_word' id='word_1_117' title='bbox 1480 1771 1593 1848; x_wconf 89' lang='lat' dir='ltr'>enim</span> <span class='ocrx_word' id='word_1_118' title='bbox 1648 1837 1655 1842; x_wconf 90' lang='lat'>.</span> 
     </span>
     <span class='ocr_line' id='line_1_15' title="bbox 215 1861 1592 1982; baseline 0.007 -26"><span class='ocrx_word' id='word_1_119' title='bbox 215 1865 446 1965; x_wconf 74' lang='lat' dir='ltr'>continui),</span> <span class='ocrx_word' id='word_1_120' title='bbox 466 1861 608 1982; x_wconf 75' lang='lat' dir='ltr'>siquid</span> <span class='ocrx_word' id='word_1_121' title='bbox 623 1865 777 1952; x_wconf 84' lang='lat' dir='ltr'>sensum</span> <span class='ocrx_word' id='word_1_122' title='bbox 788 1866 908 1966; x_wconf 85' lang='lat' dir='ltr'>latet,</span> <span class='ocrx_word' id='word_1_123' title='bbox 925 1867 970 1953; x_wconf 90' lang='lat' dir='ltr'>id</span> <span class='ocrx_word' id='word_1_124' title='bbox 989 1865 1161 1953; x_wconf 86' lang='lat' dir='ltr'>omninb</span> <span class='ocrx_word' id='word_1_125' title='bbox 1183 1899 1266 1956; x_wconf 91' lang='lat' dir='ltr'>non</span> <span class='ocrx_word' id='word_1_126' title='bbox 1279 1869 1356 1957; x_wconf 86' lang='lat' dir='ltr'>esse</span> <span class='ocrx_word' id='word_1_127' title='bbox 1368 1872 1592 1966; x_wconf 81' lang='lat' dir='ltr'>dice&#39;ndtt&#39;m</span> 
     </span>
     <span class='ocr_line' id='line_1_16' title="bbox 194 1981 1588 2100; baseline 0.007 -28"><span class='ocrx_word' id='word_1_128' title='bbox 194 1985 198 1992; x_wconf 72' lang='grc'><strong>’</strong></span> <span class='ocrx_word' id='word_1_129' title='bbox 214 1987 299 2072; x_wconf 88' lang='lat' dir='ltr'>est:</span> <span class='ocrx_word' id='word_1_130' title='bbox 316 1989 556 2096; x_wconf 85' lang='lat' dir='ltr'>contingere</span> <span class='ocrx_word' id='word_1_131' title='bbox 569 1984 595 2066; x_wconf 88' lang='lat' dir='ltr'>sr</span> <span class='ocrx_word' id='word_1_132' title='bbox 610 1983 777 2100; x_wconf 88' lang='lat' dir='ltr'>quidem</span> <span class='ocrx_word' id='word_1_133' title='bbox 789 1981 921 2098; x_wconf 89' lang='lat' dir='ltr'>potest</span> <span class='ocrx_word' id='word_1_134' title='bbox 932 2011 1090 2068; x_wconf 89' lang='lat' dir='ltr'>motum</span> <span class='ocrx_word' id='word_1_135' title='bbox 1106 1984 1283 2100; x_wconf 84' lang='lat' dir='ltr'>aliquem</span> <span class='ocrx_word' id='word_1_136' title='bbox 1294 1993 1350 2071; x_wconf 92' lang='lat' dir='ltr'>ita</span> <span class='ocrx_word' id='word_1_137' title='bbox 1366 1987 1527 2092; x_wconf 79' lang='lat' dir='ltr'>sensim,</span> <span class='ocrx_word' id='word_1_138' title='bbox 1546 2005 1588 2082; x_wconf 71' lang='lat' dir='ltr'>dt</span> 
     </span>
     <span class='ocr_line' id='line_1_17' title="bbox 130 2096 1590 2215; baseline 0.004 -27"><span class='ocrx_word' id='word_1_139' title='bbox 130 2147 133 2152; x_wconf 96' lang='lat'>·</span> <span class='ocrx_word' id='word_1_140' title='bbox 214 2104 300 2188; x_wconf 86' lang='lat' dir='ltr'>stne</span> <span class='ocrx_word' id='word_1_141' title='bbox 313 2096 426 2184; x_wconf 90' lang='lat' dir='ltr'>sensu</span> <span class='ocrx_word' id='word_1_142' title='bbox 441 2099 707 2195; x_wconf 88' lang='lat' dir='ltr'>fieri,·utnon</span> <span class='ocrx_word' id='word_1_143' title='bbox 724 2101 796 2183; x_wconf 90' lang='lat' dir='ltr'>nisr</span> <span class='ocrx_word' id='word_1_144' title='bbox 809 2096 940 2212; x_wconf 84' lang='lat' dir='ltr'>elapso</span> <span class='ocrx_word' id='word_1_145' title='bbox 953 2104 1141 2214; x_wconf 89' lang='lat' dir='ltr'>temporis</span> <span class='ocrx_word' id='word_1_146' title='bbox 1156 2101 1279 2215; x_wconf 88' lang='lat' dir='ltr'>spatio</span> <span class='ocrx_word' id='word_1_147' title='bbox 1293 2105 1459 2192; x_wconf 82' lang='lat' dir='ltr'>denrbm</span> <span class='ocrx_word' id='word_1_148' title='bbox 1473 2113 1590 2194; x_wconf 89' lang='lat' dir='ltr'>inno·</span> 
     </span>
     <span class='ocr_line' id='line_1_18' title="bbox 213 2209 1589 2339; baseline 0.007 -39"><span class='ocrx_word' id='word_1_149' title='bbox 213 2213 351 2302; x_wconf 89' lang='lat' dir='ltr'>tescat.</span> <span class='ocrx_word' id='word_1_150' title='bbox 378 2221 442 2300; x_wconf 87' lang='lat' dir='ltr'>Sic</span> <span class='ocrx_word' id='word_1_151' title='bbox 457 2209 634 2300; x_wconf 82' lang='lat' dir='ltr'>savinum</span> <span class='ocrx_word' id='word_1_152' title='bbox 645 2277 655 2311; x_wconf 98' lang='lat'>,</span> <span class='ocrx_word' id='word_1_153' title='bbox 667 2220 782 2329; x_wconf 87' lang='lat' dir='ltr'>cujus</span> <span class='ocrx_word' id='word_1_154' title='bbox 793 2219 965 2327; x_wconf 86' lang='lat' dir='ltr'>gravitas</span> <span class='ocrx_word' id='word_1_155' title='bbox 976 2218 1044 2298; x_wconf 84' lang='lat' dir='ltr'>vix</span> <span class='ocrx_word' id='word_1_156' title='bbox 1057 2219 1190 2298; x_wconf 83' lang='lat' dir='ltr'>minor</span> <span class='ocrx_word' id='word_1_157' title='bbox 1207 2218 1253 2301; x_wconf 88' lang='lat' dir='ltr'>srt</span> <span class='ocrx_word' id='word_1_158' title='bbox 1267 2225 1461 2330; x_wconf 82' lang='lat' dir='ltr'>gravitate</span> <span class='ocrx_word' id='word_1_159' title='bbox 1474 2253 1589 2339; x_wconf 80' lang='lat' dir='ltr'>aqua:</span> 
     </span>
     <span class='ocr_line' id='line_1_19' title="bbox 214 2325 1590 2450; baseline 0.005 -33"><span class='ocrx_word' id='word_1_160' title='bbox 214 2361 302 2418; x_wconf 91' lang='lat' dir='ltr'>arte</span> <span class='ocrx_word' id='word_1_161' title='bbox 315 2327 404 2414; x_wconf 82' lang='lat' dir='ltr'>satis</span> <span class='ocrx_word' id='word_1_162' title='bbox 421 2330 518 2414; x_wconf 70' lang='lat' dir='ltr'>notas</span> <span class='ocrx_word' id='word_1_163' title='bbox 537 2325 729 2415; x_wconf 87' lang='lat' dir='ltr'>affuderis</span> <span class='ocrx_word' id='word_1_164' title='bbox 746 2359 860 2444; x_wconf 79' lang='lat' dir='ltr'>aqua:</span> <span class='ocrx_word' id='word_1_165' title='bbox 874 2329 931 2414; x_wconf 83' lang='lat' dir='ltr'>ita</span> <span class='ocrx_word' id='word_1_166' title='bbox 942 2389 954 2428; x_wconf 94' lang='lat'>,</span> <span class='ocrx_word' id='word_1_167' title='bbox 967 2355 1013 2412; x_wconf 92' lang='lat' dir='ltr'>ut</span> <span class='ocrx_word' id='word_1_168' title='bbox 1026 2336 1206 2428; x_wconf 86' lang='lat' dir='ltr'>innatet,</span> <span class='ocrx_word' id='word_1_169' title='bbox 1219 2343 1261 2418; x_wconf 71' lang='grc' dir='ltr'>ὃ(</span> <span class='ocrx_word' id='word_1_170' title='bbox 1278 2331 1501 2450; x_wconf 81' lang='lat' dir='ltr'>supremam</span> <span class='ocrx_word' id='word_1_171' title='bbox 1517 2371 1590 2424; x_wconf 87' lang='lat' dir='ltr'>va·</span> 
     </span>
     <span class='ocr_line' id='line_1_20' title="bbox 213 2441 1588 2567; baseline 0.004 -35"><span class='ocrx_word' id='word_1_172' title='bbox 213 2449 264 2532; x_wconf 87' lang='lat' dir='ltr'>fis</span> <span class='ocrx_word' id='word_1_173' title='bbox 276 2442 431 2564; x_wconf 76' lang='lat' dir='ltr'>partem</span> <span class='ocrx_word' id='word_1_174' title='bbox 446 2475 642 2563; x_wconf 88' lang='lat' dir='ltr'>occupet,</span> <span class='ocrx_word' id='word_1_175' title='bbox 663 2443 855 2559; x_wconf 85' lang='lat' dir='ltr'>aliudque</span> <span class='ocrx_word' id='word_1_176' title='bbox 866 2475 934 2532; x_wconf 86' lang='lat' dir='ltr'>vas</span> <span class='ocrx_word' id='word_1_177' title='bbox 948 2441 1062 2529; x_wconf 84' lang='lat' dir='ltr'>fimili</span> <span class='ocrx_word' id='word_1_178' title='bbox 1074 2451 1169 2530; x_wconf 91' lang='lat' dir='ltr'>vino</span> <span class='ocrx_word' id='word_1_179' title='bbox 1179 2447 1364 2566; x_wconf 86' lang='lat' dir='ltr'>plenum,</span> <span class='ocrx_word' id='word_1_180' title='bbox 1378 2448 1447 2536; x_wconf 85' lang='lat' dir='ltr'>sed</span> <span class='ocrx_word' id='word_1_181' title='bbox 1460 2451 1588 2567; x_wconf 75' lang='lat' dir='ltr'>pauli&gt;</span> 
     </span>
     <span class='ocr_line' id='line_1_21' title="bbox 212 2551 1588 2662; baseline 0.005 -15"><span class='ocrx_word' id='word_1_182' title='bbox 212 2563 361 2662; x_wconf 89' lang='lat' dir='ltr'>altius,</span> <span class='ocrx_word' id='word_1_183' title='bbox 393 2562 564 2659; x_wconf 84' lang='lat' dir='ltr'>habeas,</span> <span class='ocrx_word' id='word_1_184' title='bbox 581 2592 670 2646; x_wconf 89' lang='lat' dir='ltr'>tum</span> <span class='ocrx_word' id='word_1_185' title='bbox 687 2591 737 2649; x_wconf 88' lang='lat' dir='ltr'>ex</span> <span class='ocrx_word' id='word_1_186' title='bbox 753 2562 855 2648; x_wconf 89' lang='lat' dir='ltr'>libra</span> <span class='ocrx_word' id='word_1_187' title='bbox 875 2559 1062 2648; x_wconf 83' lang='lat' dir='ltr'>centrum</span> <span class='ocrx_word' id='word_1_188' title='bbox 1084 2551 1219 2648; x_wconf 84' lang='lat' dir='ltr'>motsss</span> <span class='ocrx_word' id='word_1_189' title='bbox 1237 2564 1415 2653; x_wconf 86' lang='lat' dir='ltr'>habente</span> <span class='ocrx_word' id='word_1_190' title='bbox 1431 2571 1476 2651; x_wconf 90' lang='lat' dir='ltr'>in</span> <span class='ocrx_word' id='word_1_191' title='bbox 1491 2599 1588 2654; x_wconf 90' lang='lat' dir='ltr'>cen-</span> 
     </span>
     <span class='ocr_line' id='line_1_22' title="bbox 212 2675 1588 2796; baseline 0.006 -34"><span class='ocrx_word' id='word_1_192' title='bbox 212 2709 277 2762; x_wconf 93' lang='lat' dir='ltr'>tro</span> <span class='ocrx_word' id='word_1_193' title='bbox 299 2683 505 2793; x_wconf 84' lang='lat' dir='ltr'>gravitatis</span> <span class='ocrx_word' id='word_1_194' title='bbox 536 2681 625 2796; x_wconf 85' lang='lat' dir='ltr'>jugi</span> <span class='ocrx_word' id='word_1_195' title='bbox 653 2677 858 2794; x_wconf 83' lang='lat' dir='ltr'>pendeant</span> <span class='ocrx_word' id='word_1_196' title='bbox 892 2675 1059 2792; x_wconf 86' lang='lat' dir='ltr'>aeqnasia</span> <span class='ocrx_word' id='word_1_197' title='bbox 1086 2681 1266 2792; x_wconf 87' lang='lat' dir='ltr'>pondera</span> <span class='ocrx_word' id='word_1_198' title='bbox 1298 2683 1403 2764; x_wconf 75' lang='lat' dir='ltr'>intri</span> <span class='ocrx_word' id='word_1_199' title='bbox 1443 2687 1588 2770; x_wconf 90' lang='lat' dir='ltr'>vinum</span> 
     </span>
     <span class='ocr_line' id='line_1_23' title="bbox 190 2785 1584 2910; baseline 0.004 -32"><span class='ocrx_word' id='word_1_200' title='bbox 190 2785 194 2794; x_wconf 41' lang='lat'>⁸</span> <span class='ocrx_word' id='word_1_201' title='bbox 214 2789 425 2910; x_wconf 86' lang='lat' dir='ltr'>utriusque</span> <span class='ocrx_word' id='word_1_202' title='bbox 448 2793 547 2878; x_wconf 85' lang='lat' dir='ltr'>vasis</span> <span class='ocrx_word' id='word_1_203' title='bbox 572 2827 583 2890; x_wconf 77' lang='grc' dir='ltr'><strong><em>ς</em></strong></span> <span class='ocrx_word' id='word_1_204' title='bbox 606 2793 676 2878; x_wconf 86' lang='lat' dir='ltr'>siet</span> <span class='ocrx_word' id='word_1_205' title='bbox 693 2791 836 2906; x_wconf 83' lang='lat' dir='ltr'>utique</span> <span class='ocrx_word' id='word_1_206' title='bbox 854 2793 1082 2908; x_wconf 87' lang='lat' dir='ltr'>ponderum</span> <span class='ocrx_word' id='word_1_207' title='bbox 1102 2793 1400 2908; x_wconf 72' lang='lat' dir='ltr'>aequilibrium,</span> <span class='ocrx_word' id='word_1_208' title='bbox 1422 2807 1463 2883; x_wconf 61' lang='grc' dir='ltr'>ὃς</span> <span class='ocrx_word' id='word_1_209' title='bbox 1483 2829 1584 2883; x_wconf 91' lang='lat' dir='ltr'>con-</span> 
     </span>
     <span class='ocr_line' id='line_1_24' title="bbox 192 2907 1587 3022; baseline 0.005 -30"><span class='ocrx_word' id='word_1_210' title='bbox 192 2909 354 3016; x_wconf 30' lang='lat' dir='ltr'>‚srstent</span> <span class='ocrx_word' id='word_1_211' title='bbox 376 2939 425 2992; x_wconf 88' lang='lat' dir='ltr'>eo</span> <span class='ocrx_word' id='word_1_212' title='bbox 442 2913 485 2992; x_wconf 91' lang='lat' dir='ltr'>in</span> <span class='ocrx_word' id='word_1_213' title='bbox 499 2909 597 3004; x_wconf 77' lang='lat' dir='ltr'>situ,</span> <span class='ocrx_word' id='word_1_214' title='bbox 619 2939 742 3022; x_wconf 88' lang='lat' dir='ltr'>quem</span> <span class='ocrx_word' id='word_1_215' title='bbox 756 2909 831 2995; x_wconf 87' lang='lat' dir='ltr'>illis</span> <span class='ocrx_word' id='word_1_216' title='bbox 849 2909 1006 2992; x_wconf 89' lang='lat' dir='ltr'>dederis</span> <span class='ocrx_word' id='word_1_217' title='bbox 1021 2943 1030 2989; x_wconf 91' lang='lat'><strong>:</strong></span> <span class='ocrx_word' id='word_1_218' title='bbox 1043 2935 1083 2989; x_wconf 90' lang='lat' dir='ltr'>at</span> <span class='ocrx_word' id='word_1_219' title='bbox 1100 2907 1309 2994; x_wconf 87' lang='lat' dir='ltr'>stasterum</span> <span class='ocrx_word' id='word_1_220' title='bbox 1328 2909 1439 2995; x_wconf 84' lang='lat' dir='ltr'>librae</span> <span class='ocrx_word' id='word_1_221' title='bbox 1454 2943 1587 2999; x_wconf 89' lang='lat' dir='ltr'>extre-</span> 
     </span>
     <span class='ocr_line' id='line_1_25' title="bbox 212 3018 1586 3138; baseline 0.004 -28"><span class='ocrx_word' id='word_1_222' title='bbox 212 3055 329 3110; x_wconf 91' lang='lat' dir='ltr'>mum</span> <span class='ocrx_word' id='word_1_223' title='bbox 342 3018 628 3137; x_wconf 81' lang='lat' dir='ltr'>itadeprimas,</span> <span class='ocrx_word' id='word_1_224' title='bbox 644 3051 688 3106; x_wconf 92' lang='lat' dir='ltr'>ut</span> <span class='ocrx_word' id='word_1_225' title='bbox 701 3025 880 3138; x_wconf 79' lang='lat' dir='ltr'>pondua,</span> <span class='ocrx_word' id='word_1_226' title='bbox 898 3023 1009 3138; x_wconf 90' lang='lat' dir='ltr'>quod</span> <span class='ocrx_word' id='word_1_227' title='bbox 1027 3052 1077 3105; x_wconf 87' lang='lat' dir='ltr'>ex</span> <span class='ocrx_word' id='word_1_228' title='bbox 1095 3051 1145 3104; x_wconf 88' lang='lat' dir='ltr'>eo</span> <span class='ocrx_word' id='word_1_229' title='bbox 1158 3027 1330 3136; x_wconf 87' lang='lat' dir='ltr'>pendet,</span> <span class='ocrx_word' id='word_1_230' title='bbox 1349 3057 1399 3111; x_wconf 84' lang='lat' dir='ltr'>ex</span> <span class='ocrx_word' id='word_1_231' title='bbox 1418 3035 1515 3134; x_wconf 77' lang='lat' dir='ltr'>vino</span> <span class='ocrx_word' id='word_1_232' title='bbox 1534 3029 1586 3116; x_wconf 79' lang='lat' dir='ltr'>ad</span> 
     </span>
     <span class='ocr_line' id='line_1_26' title="bbox 212 3133 1586 3256; baseline 0.002 -30"><span class='ocrx_word' id='word_1_233' title='bbox 212 3170 364 3256; x_wconf 87' lang='lat' dir='ltr'>aquam</span> <span class='ocrx_word' id='word_1_234' title='bbox 384 3145 454 3224; x_wconf 85' lang='lat' dir='ltr'>vix</span> <span class='ocrx_word' id='word_1_235' title='bbox 474 3147 699 3250; x_wconf 86' lang='lat' dir='ltr'>graviorem</span> <span class='ocrx_word' id='word_1_236' title='bbox 725 3133 920 3234; x_wconf 89' lang='lat' dir='ltr'>transeat,</span> <span class='ocrx_word' id='word_1_237' title='bbox 945 3133 1100 3250; x_wconf 87' lang='lat' dir='ltr'>reliquo</span> <span class='ocrx_word' id='word_1_238' title='bbox 1120 3133 1298 3252; x_wconf 90' lang='lat' dir='ltr'>pondere</span> <span class='ocrx_word' id='word_1_239' title='bbox 1316 3145 1421 3225; x_wconf 88' lang='lat' dir='ltr'>intra</span> <span class='ocrx_word' id='word_1_240' title='bbox 1441 3153 1586 3229; x_wconf 86' lang='lat' dir='ltr'>vinum</span> 
     </span>
     <span class='ocr_line' id='line_1_27' title="bbox 211 3253 1585 3368; baseline 0.002 -26"><span class='ocrx_word' id='word_1_241' title='bbox 211 3283 407 3342; x_wconf 88' lang='lat' dir='ltr'>manente</span> <span class='ocrx_word' id='word_1_242' title='bbox 428 3259 579 3363; x_wconf 59' lang='lat' dir='ltr'>tinitio</span> <span class='ocrx_word' id='word_1_243' title='bbox 597 3253 762 3368; x_wconf 87' lang='lat' dir='ltr'>quidem</span> <span class='ocrx_word' id='word_1_244' title='bbox 792 3283 875 3338; x_wconf 91' lang='lat' dir='ltr'>non</span> <span class='ocrx_word' id='word_1_245' title='bbox 895 3253 1103 3366; x_wconf 88' lang='lat' dir='ltr'>apparebit</span> <span class='ocrx_word' id='word_1_246' title='bbox 1121 3280 1253 3336; x_wconf 88' lang='lat' dir='ltr'>motus</span> <span class='ocrx_word' id='word_1_247' title='bbox 1273 3254 1383 3340; x_wconf 86' lang='lat' dir='ltr'>librae</span> <span class='ocrx_word' id='word_1_248' title='bbox 1407 3254 1445 3341; x_wconf 92' lang='lat' dir='ltr'>se</span> <span class='ocrx_word' id='word_1_249' title='bbox 1469 3261 1585 3345; x_wconf 88' lang='lat' dir='ltr'>resti·</span> 
     </span>
     <span class='ocr_line' id='line_1_28' title="bbox 214 3367 1585 3490; baseline -0.009 -35"><span class='ocrx_word' id='word_1_250' title='bbox 214 3377 389 3469; x_wconf 75' lang='lat' dir='ltr'>tuentiS,</span> <span class='ocrx_word' id='word_1_251' title='bbox 405 3375 500 3484; x_wconf 88' lang='lat' dir='ltr'>quia</span> <span class='ocrx_word' id='word_1_252' title='bbox 522 3372 681 3486; x_wconf 85' lang='lat' dir='ltr'>pondus</span> <span class='ocrx_word' id='word_1_253' title='bbox 700 3373 744 3454; x_wconf 89' lang='lat' dir='ltr'>in</span> <span class='ocrx_word' id='word_1_254' title='bbox 764 3373 863 3452; x_wconf 87' lang='lat' dir='ltr'>vino</span> <span class='ocrx_word' id='word_1_255' title='bbox 878 3398 961 3450; x_wconf 90' lang='lat' dir='ltr'>non</span> <span class='ocrx_word' id='word_1_256' title='bbox 980 3367 1141 3452; x_wconf 88' lang='lat' dir='ltr'>excedit</span> <span class='ocrx_word' id='word_1_257' title='bbox 1157 3373 1467 3480; x_wconf 77' lang='lat' dir='ltr'>gravitationem</span> <span class='ocrx_word' id='word_1_258' title='bbox 1482 3406 1585 3490; x_wconf 73' lang='lat' dir='ltr'>p0n.</span> 
     </span>
     <span class='ocr_line' id='line_1_29' title="bbox 208 3477 1587 3609; baseline 0.003 -36"><span class='ocrx_word' id='word_1_259' title='bbox 208 3489 318 3574; x_wconf 88' lang='lat' dir='ltr'>deris</span> <span class='ocrx_word' id='word_1_260' title='bbox 338 3487 499 3600; x_wconf 80' lang='lat' dir='ltr'>aequalis</span> <span class='ocrx_word' id='word_1_261' title='bbox 515 3491 558 3569; x_wconf 91' lang='lat' dir='ltr'>in</span> <span class='ocrx_word' id='word_1_262' title='bbox 572 3483 676 3601; x_wconf 74' lang='lat' dir='ltr'>aqud</span> <span class='ocrx_word' id='word_1_263' title='bbox 694 3484 767 3567; x_wconf 91' lang='lat' dir='ltr'>nisi</span> <span class='ocrx_word' id='word_1_264' title='bbox 782 3515 833 3567; x_wconf 91' lang='lat' dir='ltr'>eo</span> <span class='ocrx_word' id='word_1_265' title='bbox 847 3477 1030 3580; x_wconf 80' lang='lat' dir='ltr'>excessu,</span> <span class='ocrx_word' id='word_1_266' title='bbox 1053 3513 1136 3598; x_wconf 89' lang='lat' dir='ltr'>quo</span> <span class='ocrx_word' id='word_1_267' title='bbox 1151 3489 1324 3594; x_wconf 82' lang='lat' dir='ltr'>gravitas</span> <span class='ocrx_word' id='word_1_268' title='bbox 1342 3518 1456 3602; x_wconf 82' lang='lat' dir='ltr'>aquae</span> <span class='ocrx_word' id='word_1_269' title='bbox 1470 3495 1587 3609; x_wconf 92' lang='lat' dir='ltr'>supe·</span> 
     </span>
     <span class='ocr_line' id='line_1_30' title="bbox 211 3591 1584 3716; baseline 0.003 -28"><span class='ocrx_word' id='word_1_270' title='bbox 211 3631 274 3688; x_wconf 90' lang='lat' dir='ltr'>rat</span> <span class='ocrx_word' id='word_1_271' title='bbox 293 3607 533 3716; x_wconf 85' lang='lat' dir='ltr'>gravitatem</span> <span class='ocrx_word' id='word_1_272' title='bbox 551 3605 655 3696; x_wconf 69' lang='lat' dir='ltr'>vinis</span> <span class='ocrx_word' id='word_1_273' title='bbox 673 3601 743 3684; x_wconf 91' lang='lat' dir='ltr'>hic</span> <span class='ocrx_word' id='word_1_274' title='bbox 761 3625 898 3682; x_wconf 89' lang='lat' dir='ltr'>autem</span> <span class='ocrx_word' id='word_1_275' title='bbox 912 3591 1090 3680; x_wconf 84' lang='lat' dir='ltr'>excessus</span> <span class='ocrx_word' id='word_1_276' title='bbox 1107 3629 1200 3682; x_wconf 85' lang='lat' dir='ltr'>cum</span> <span class='ocrx_word' id='word_1_277' title='bbox 1211 3605 1483 3704; x_wconf 77' lang='lat' dir='ltr'>minimussrt,</span> <span class='ocrx_word' id='word_1_278' title='bbox 1498 3638 1584 3692; x_wconf 88' lang='lat' dir='ltr'>rno-</span> 
     </span>
    </p>
   </div>
   <div class='ocr_carea' id='block_1_3' title="bbox 207 3708 1587 4532">
    <p class='ocr_par' dir='ltr' id='par_1_4' title="bbox 207 3708 1587 4532">
     <span class='ocr_line' id='line_1_31' title="bbox 210 3708 1583 3832; baseline 0.005 -32"><span class='ocrx_word' id='word_1_279' title='bbox 210 3747 301 3802; x_wconf 86' lang='lat' dir='ltr'>tum</span> <span class='ocrx_word' id='word_1_280' title='bbox 356 3717 490 3832; x_wconf 82' lang='lat' dir='ltr'>troque</span> <span class='ocrx_word' id='word_1_281' title='bbox 513 3715 688 3812; x_wconf 86' lang='lat' dir='ltr'>efficiet,</span> <span class='ocrx_word' id='word_1_282' title='bbox 706 3745 829 3830; x_wconf 89' lang='lat' dir='ltr'>quem</span> <span class='ocrx_word' id='word_1_283' title='bbox 849 3711 956 3827; x_wconf 71' lang='lat' dir='ltr'>aegri:</span> <span class='ocrx_word' id='word_1_284' title='bbox 978 3708 1001 3796; x_wconf 75' lang='lat' dir='ltr'>d</span> <span class='ocrx_word' id='word_1_285' title='bbox 1023 3717 1161 3828; x_wconf 87' lang='lat' dir='ltr'>quiete</span> <span class='ocrx_word' id='word_1_286' title='bbox 1181 3711 1405 3818; x_wconf 80' lang='lat' dir='ltr'>discernas,</span> <span class='ocrx_word' id='word_1_287' title='bbox 1420 3723 1492 3804; x_wconf 85' lang='lat' dir='ltr'>nist</span> <span class='ocrx_word' id='word_1_288' title='bbox 1510 3725 1583 3808; x_wconf 87' lang='lat' dir='ltr'>nbi</span> 
     </span>
     <span class='ocr_line' id='line_1_32' title="bbox 207 3749 1583 3952; baseline 0.004 -34"><span class='ocrx_word' id='word_1_289' title='bbox 207 3833 301 3952; x_wconf 86' lang='lat' dir='ltr'>post</span> <span class='ocrx_word' id='word_1_290' title='bbox 314 3749 479 3948; x_wconf 78' lang='lat' dir='ltr'>aiiiquod</span> <span class='ocrx_word' id='word_1_291' title='bbox 497 3861 655 3948; x_wconf 89' lang='lat' dir='ltr'>tempus</span> <span class='ocrx_word' id='word_1_292' title='bbox 676 3829 992 3946; x_wconf 87' lang='lat' dir='ltr'>deprehenderis</span> <span class='ocrx_word' id='word_1_293' title='bbox 1063 3829 1166 3914; x_wconf 89' lang='lat' dir='ltr'>ndus</span> <span class='ocrx_word' id='word_1_294' title='bbox 1184 3829 1301 3916; x_wconf 89' lang='lat' dir='ltr'>altius</span> <span class='ocrx_word' id='word_1_295' title='bbox 1321 3833 1583 3940; x_wconf 84' lang='lat' dir='ltr'>descendisse,</span> 
     </span>
     <span class='ocr_line' id='line_1_33' title="bbox 209 3941 1587 4065; baseline 0 -29"><span class='ocrx_word' id='word_1_296' title='bbox 209 3949 428 4065; x_wconf 82' lang='lat' dir='ltr'>depressius</span> <span class='ocrx_word' id='word_1_297' title='bbox 444 3975 580 4033; x_wconf 88' lang='lat' dir='ltr'>autem</span> <span class='ocrx_word' id='word_1_298' title='bbox 600 3941 827 4034; x_wconf 81' lang='lat' dir='ltr'>ascendisse.</span> <span class='ocrx_word' id='word_1_299' title='bbox 857 3943 985 4028; x_wconf 87' lang='lat' dir='ltr'>Haud</span> <span class='ocrx_word' id='word_1_300' title='bbox 1020 3975 1115 4028; x_wconf 86' lang='lat' dir='ltr'>ecus</span> <span class='ocrx_word' id='word_1_301' title='bbox 1136 3945 1504 4064; x_wconf 85' lang='lat' dir='ltr'>philosophandum</span> <span class='ocrx_word' id='word_1_302' title='bbox 1524 3957 1587 4058; x_wconf 77' lang='lat' dir='ltr'>est</span> 
     </span>
     <span class='ocr_line' id='line_1_34' title="bbox 207 4060 1585 4180; baseline -0.007 -29"><span class='ocrx_word' id='word_1_303' title='bbox 207 4067 529 4178; x_wconf 86' lang='lat' dir='ltr'>demajore,aut</span> <span class='ocrx_word' id='word_1_304' title='bbox 540 4067 695 4148; x_wconf 90' lang='lat' dir='ltr'>minore</span> <span class='ocrx_word' id='word_1_305' title='bbox 707 4091 922 4175; x_wconf 88' lang='lat' dir='ltr'>corporum</span> <span class='ocrx_word' id='word_1_306' title='bbox 931 4063 1222 4171; x_wconf 84' lang='lat' dir='ltr'>gravitatione,</span> <span class='ocrx_word' id='word_1_307' title='bbox 1245 4060 1585 4180; x_wconf 84' lang='lat' dir='ltr'>srdisparibusin.</span> 
     </span>
     <span class='ocr_line' id='line_1_35' title="bbox 209 4175 1583 4296; baseline 0.003 -31"><span class='ocrx_word' id='word_1_308' title='bbox 209 4181 386 4265; x_wconf 85' lang='lat' dir='ltr'>tervalsit</span> <span class='ocrx_word' id='word_1_309' title='bbox 401 4175 426 4262; x_wconf 74' lang='lat' dir='ltr'>d</span> <span class='ocrx_word' id='word_1_310' title='bbox 444 4207 557 4264; x_wconf 80' lang='lat' dir='ltr'>terrae</span> <span class='ocrx_word' id='word_1_311' title='bbox 572 4209 712 4264; x_wconf 90' lang='lat' dir='ltr'>centro</span> <span class='ocrx_word' id='word_1_312' title='bbox 733 4203 1034 4276; x_wconf 89' lang='lat' dir='ltr'>removeantur,</span> <span class='ocrx_word' id='word_1_313' title='bbox 1050 4175 1203 4263; x_wconf 82' lang='lat' dir='ltr'>diutiits</span> <span class='ocrx_word' id='word_1_314' title='bbox 1214 4183 1324 4263; x_wconf 82' lang='lat' dir='ltr'>eninr</span> <span class='ocrx_word' id='word_1_315' title='bbox 1343 4179 1470 4296; x_wconf 70' lang='lat' dir='ltr'>prope</span> <span class='ocrx_word' id='word_1_316' title='bbox 1485 4215 1583 4278; x_wconf 71' lang='lat' dir='ltr'>cen-</span> 
     </span>
     <span class='ocr_line' id='line_1_36' title="bbox 208 4288 1581 4416; baseline 0.004 -37"><span class='ocrx_word' id='word_1_317' title='bbox 208 4325 319 4379; x_wconf 86' lang='lat' dir='ltr'>trum</span> <span class='ocrx_word' id='word_1_318' title='bbox 339 4293 577 4379; x_wconf 82' lang='lat' dir='ltr'>incumbere</span> <span class='ocrx_word' id='word_1_319' title='bbox 598 4319 791 4410; x_wconf 85' lang='lat' dir='ltr'>poterunt</span> <span class='ocrx_word' id='word_1_320' title='bbox 808 4288 1040 4400; x_wconf 78' lang='lat' dir='ltr'>sustinenti,</span> <span class='ocrx_word' id='word_1_321' title='bbox 1061 4289 1183 4406; x_wconf 75' lang='lat' dir='ltr'>quim</span> <span class='ocrx_word' id='word_1_322' title='bbox 1206 4297 1345 4410; x_wconf 87' lang='lat' dir='ltr'>procus</span> <span class='ocrx_word' id='word_1_323' title='bbox 1373 4333 1384 4378; x_wconf 85' lang='lat' dir='ltr'>t</span> <span class='ocrx_word' id='word_1_324' title='bbox 1406 4299 1448 4382; x_wconf 90' lang='lat' dir='ltr'>id</span> <span class='ocrx_word' id='word_1_325' title='bbox 1469 4311 1581 4416; x_wconf 82' lang='lat' dir='ltr'>qnod</span> 
     </span>
     <span class='ocr_line' id='line_1_37' title="bbox 212 4405 1585 4532; baseline 0.004 -39"><span class='ocrx_word' id='word_1_326' title='bbox 212 4409 301 4494; x_wconf 84' lang='lat' dir='ltr'>satis</span> <span class='ocrx_word' id='word_1_327' title='bbox 314 4413 392 4493; x_wconf 91' lang='lat' dir='ltr'>erit</span> <span class='ocrx_word' id='word_1_328' title='bbox 407 4410 461 4494; x_wconf 85' lang='lat' dir='ltr'>ad</span> <span class='ocrx_word' id='word_1_329' title='bbox 478 4413 674 4498; x_wconf 87' lang='lat' dir='ltr'>minorem</span> <span class='ocrx_word' id='word_1_330' title='bbox 693 4409 1004 4528; x_wconf 74' lang='lat' dir='ltr'>grauitationem</span> <span class='ocrx_word' id='word_1_331' title='bbox 1017 4405 1365 4526; x_wconf 84' lang='lat' dir='ltr'>patefaciendam,</span> <span class='ocrx_word' id='word_1_332' title='bbox 1386 4443 1477 4532; x_wconf 84' lang='lat' dir='ltr'>qnae</span> <span class='ocrx_word' id='word_1_333' title='bbox 1496 4453 1585 4510; x_wconf 79' lang='lat' dir='ltr'>non</span> 
     </span>
    </p>
   </div>
   <div class='ocr_carea' id='block_1_4' title="bbox 210 4524 1266 4762">
    <p class='ocr_par' dir='ltr' id='par_1_5' title="bbox 210 4524 1266 4762">
     <span class='ocr_line' id='line_1_38' title="bbox 210 4524 1198 4728; baseline 0.004 -116"><span class='ocrx_word' id='word_1_334' title='bbox 210 4525 343 4614; x_wconf 81' lang='lat' dir='ltr'>statim</span> <span class='ocrx_word' id='word_1_335' title='bbox 366 4524 608 4618; x_wconf 79' lang='lat' dir='ltr'>innotescat</span> <span class='ocrx_word' id='word_1_336' title='bbox 717 4624 724 4652; x_wconf 24' lang='grc' dir='ltr'>,ι</span> <span class='ocrx_word' id='word_1_337' title='bbox 1160 4641 1198 4728; x_wconf 71' lang='lat' dir='ltr'>C</span> 
     </span>
     <span class='ocr_line' id='line_1_39' title="bbox 1242 4677 1266 4762; baseline 0 0"><span class='ocrx_word' id='word_1_338' title='bbox 1242 4677 1266 4762; x_wconf 76' lang='lat'>³</span> 
     </span>
    </p>
   </div>
   <div class='ocr_carea' id='block_1_5' title="bbox 0 0 1964 5262">
    <p class='ocr_par' dir='ltr' id='par_1_6' title="bbox 0 0 1964 5262">
     <span class='ocr_line' id='line_1_40' title="bbox 0 0 1964 5262; baseline 0 1"><span class='ocrx_word' id='word_1_339' title='bbox 0 0 1964 5262; x_wconf 95' lang='lat' dir='ltr'> </span> 
     </span>
    </p>
   </div>
  </div>
 </body>
</html>
