3918 5262
579 214 764 253 „M
1195 203 1201 220 ..
1288 201 1426 260 4„

326 276 358 349 n
695 257 699 266 ²
789 229 1213 346 Mechamcomm
1375 261 1377 268 “

318 429 368 488 ut
391 395 463 482 suo
483 391 806 510 unumquodque
824 394 921 484 loco
941 393 1248 508 disponeretur3
1268 424 1391 514 atque
1411 389 1517 485 adei
1536 397 1698 514 aeqnnrn

318 519 424 614 fuit,
446 541 491 596 ut
509 511 672 621 singulis
686 506 710 593 ὲ
726 539 869 596 natura
883 543 931 596 ca
947 513 1194 598 tribueretur
1205 511 1375 598 facultas
1385 577 1397 615 ,
1420 513 1502 630 qud
1517 523 1558 600 δι
1576 518 1614 600 le
1627 513 1701 602 suo

319 631 490 726 inloco,
512 627 594 710 hoc
607 625 690 724 est,
702 629 818 740 juxta
833 627 990 713 inlitam
1006 625 1399 744 propensrnnemsrbi
1410 629 1574 730 debito,
1594 661 1699 716 con·

319 747 475 834 servare
498 743 641 858 polfint
668 801 679 839 ‚
708 751 750 828 &
768 745 820 827 ad
838 741 954 826 illum
973 740 1011 827 se
1039 741 1121 860 ipsa
1140 773 1405 859 promovere,
1429 746 1580 831 fiforte
1597 745 1701 834 inde

319 867 474 952 dimota
490 861 652 943 fuerint.
677 863 788 970 Qria
802 853 903 942 verd
925 858 1094 974 aequalia
1115 891 1201 944 non
1217 863 1290 946 nin
1305 861 1535 978 aequaliter,
1555 861 1700 946 simili--

350 1009 402 1063 ue
426 980 582 1058 natione·
609 969 858 1088 disponenda
887 1003 1030 1076 erant,
1056 973 1370 1079 nullumautem
1388 981 1533 1096 corpus
1553 1006 1698 1098 praeter

319 1009 516 1210 lphaeram
525 1087 650 1174 habet
666 1088 884 1204 perfedam
896 1095 939 1174 in
952 1095 1129 1206 partium
1141 1083 1399 1208 disp'osrtione
1411 1093 1701 1210 aequalitatem,
1780 1185 1783 1193 ,

320 1209 553 1296 debuerunt
585 1235 753 1320 corpora
778 1210 915 1288 omnia
944 1205 1085 1292 orbem
1113 1237 1243 1294 unum
1273 1209 1530 1321 constituere.
1578 1215 1636 1297 At
1652 1216 1699 1294 in

318 1324 472 1440 sphaera
492 1323 690 1440 punclum
712 1349 843 1406 unum
867 1321 950 1421 est,
972 1318 996 1406 d
1020 1353 1105 1439 quo
1128 1322 1347 1440 aequalibus
1364 1327 1484 1410 radiis
1508 1353 1700 1420 extremae

316 1440 549 1558 superficiei
571 1463 705 1551 partes
724 1465 984 1522 removentur
1009 1475 1018 1520 ι
1048 1441 1215 1550 igiture
1266 1442 1408 1526 ordine
1431 1443 1484 1526 ad
1499 1445 1700 1556 punitum

320 1557 426 1654 hoc,
443 1553 555 1670 quod
566 1556 767 1636 Centrum
780 1553 954 1650 dicitur,
969 1557 1241 1668 comparanda
1279 1585 1355 1639 unt
1372 1585 1540 1672 corpora
1557 1591 1568 1650 5
1589 1585 1696 1672 qua-

319 1700 441 1757 tenus
457 1667 553 1754 clrm
572 1667 715 1751 natunl
731 1667 966 1782 impellente
982 1697 1219 1768 moventur,
1233 1700 1279 1754 ut
1291 1671 1435 1756 inloto
1454 1671 1525 1756 fibi
1540 1672 1698 1770 debito,

297 1793 312 1846 s
323 1785 441 1902 dquo
457 1813 529 1900 per
542 1787 628 1868 vim
646 1779 977 1896 sejundafffuere,
995 1784 1164 1868 demum
1186 1785 1425 1894 consistant,
1443 1785 1507 1872 vel
1524 1788 1576 1874 ad
1600 1817 1699 1888 cen-¹

319 1929 431 1988 trum
451 1905 532 1986 hoc
543 1899 776 1998 accedunt,
797 1893 861 1984 vel
874 1899 987 1988 abeo
1001 1901 1215 1984 recedunt.

378 2021 433 2102 Er
452 2016 620 2131 quidem
640 2013 668 2096 si
684 2014 736 2099 ad
754 2041 941 2099 centmm
959 2016 1178 2114 accedant,
1196 2017 1395 2129 gravitate
1421 2016 1642 2120 dicuntur,
1668 2021 1698 2108 lt

322 2128 425 2220 γετὸ
447 2130 665 2232 recedant,
681 2129 848 2214 levitate
874 2165 885 2212 ε
914 2141 956 2218 &
981 2161 1073 2244 quae
1093 2137 1280 2248 propiora
1296 2158 1439 2217 centro
1459 2135 1698 2238 consistunt,

320 2252 544 2363 graviora,
601 2275 662 2330 uae
685 2275 825 2330 autem
849 2251 1089 2345 remotiora,
1115 2245 1269 2332 leviora
1294 2259 1463 2362 qnoque
1482 2247 1699 2334 censentur

320 2363 547 2456 secundnm
570 2275 744 2477 lpeciem
764 2365 996 2474 gravitatis,
1017 2371 1061 2451 δι
1083 2359 1258 2447 levitatis
1276 2365 1502 2480 :quicquid
1517 2365 1565 2450 lit
1586 2367 1698 2484 quod

323 2479 492 2598 aequalia
504 2471 583 2562 effe
599 2478 741 2592 poffint
753 2476 974 2563 secundlrm
991 2481 1228 2589 gravitatem
1239 2473 1563 2578 absolutam,aut
1574 2511 1700 2566 enam

322 2595 425 2713 sape
446 2598 661 2707 contingat
674 2597 808 2678 minus
824 2593 975 2678 habere
1000 2596 1205 2706 gravitatis
1222 2591 1410 2680 absoluta
1424 2596 1494 2694 id,
1511 2597 1623 2712 quod
1638 2595 1698 2680 est

322 2715 485 2825 gravius
503 2707 725 2796 secundum
744 2706 930 2822 speciem
970 2713 1036 2792 Sic
1050 2705 1152 2794 libra
1169 2709 1326 2824 plumbi
1340 2710 1573 2826 aequaliscst
1586 2711 1701 2797 librae

323 2855 470 2945 aquae,
498 2819 628 2909 immd
655 2827 789 2908 minor
815 2853 985 2909 centum
999 2821 1109 2910 libris
1130 2856 1272 2942 aquasv
1286 2829 1382 2943 quia
1402 2855 1539 2914 tamen
1555 2827 1695 2942 plum-

323 2944 425 3034 bum
451 2942 557 3028 infra
579 2969 727 3055 aquam
739 2935 988 3026 descendens
1017 2939 1064 3024 fit
1083 2969 1225 3026 centro
1245 2945 1441 3040 vicinius,
1464 2945 1588 3026 etiarn
1608 2972 1703 3056 graz-
1775 3015 1779 3020 .
1907 2985 1911 3001 ·

324 3065 416 3145 vius
426 3057 486 3142 est
505 3054 730 3144 secundlrm
744 3053 931 3170 speciem.
960 3055 1129 3170 Qodli
1146 3087 1377 3172 comparare
1387 3056 1486 3142 velis
1505 3059 1589 3142 duo
1608 3091 1701 3144 cnr-

321 3203 425 3290 pora
438 3170 561 3258 solida
572 3233 582 3270 ‚
595 3201 687 3286 quae
701 3171 773 3255 srbi
788 3167 856 3255 sua
865 3172 1013 3256 duritie
1027 3178 1083 3254 ita
1095 3171 1310 3272 obsistunt,
1324 3201 1370 3258 ut
1387 3202 1578 3258 neutrum
1591 3181 1703 3260 intra

324 3289 497 3381 alterurn
511 3291 665 3376 moveri
684 3287 800 3402 pollrt
817 3315 1012 3402 tanquam
1027 3291 1071 3370 in
1082 3289 1219 3374 medio
1229 3323 1240 3384 3
1257 3287 1359 3376 illud
1373 3283 1453 3372 elle
1474 3286 1700 3380 secundum

324 3403 500 3520 speeiem
515 3399 677 3512 gravius
699 3401 936 3500 affirmabis,
956 3405 1068 3518 quod
1086 3403 1180 3490 datrl
1192 3407 1362 3520 paritate
1380 3401 1498 3490 molis
1509 3400 1604 3490 cum
1619 3405 1701 3490 alio·

323 3549 524 3634 corpore,
541 3547 637 3602 cum
661 3547 745 3633 quo
775 3546 1052 3634 comparatur,
1071 3517 1215 3606 staterd
1240 3517 1463 3636 expensum
1486 3525 1532 3605 in
1552 3525 1702 3608 eodem

324 3637 462 3722 medio
480 3693 495 3734 ,
513 3637 657 3749 inquo
675 3661 896 3750 utrumque
921 3638 1094 3746 gravitat
1108 3663 1208 3749 puta
1223 3641 1267 3719 in
1283 3649 1376 3720 aere
1395 3698 1407 3735 ‚
1431 3633 1521 3750 plns
1546 3637 1698 3722 habere

321 3752 515 3866 ponderis
534 3750 827 3864 deprehendes.
856 3753 922 3834 Sic
942 3779 1085 3834 aurum
1105 3747 1167 3860 est
1186 3751 1294 3835 ferro
1311 3757 1473 3865 gravius
1492 3755 1534 3835 in
1553 3749 1702 3866 specie,

320 3870 421 3986 quia
429 3897 480 3953 ex
493 3863 715 3980 aequalibus
726 3863 902 3950 molibus
911 3870 1001 3952 auri
1013 3863 1161 3952 &ferri
1171 3929 1185 3966 ,
1195 3897 1317 3952 aurea
1327 3867 1387 3952 est
1396 3869 1673 3980 pondetofior.

384 3984 625 4068 Generatim
640 4009 777 4064 autern
791 3979 1002 4096 loquendo
1013 4009 1060 4064 ea
1074 3977 1166 4066 sunt
1179 3979 1368 4096 inspecie
1386 3989 1592 4096 grauiora,
1608 4012 1699 4100 quae

325 4093 418 4184 lunt
432 4096 698 4194 dennora,ea
721 4091 822 4181 verd
849 4101 893 4180 in
911 4093 1042 4208 specie
1061 4095 1214 4182 leviora
1226 4159 1242 4196 ,a
1254 4129 1346 4213 qnae‘
1357 4103 1526 4200 rariora:
1542 4131 1637 4184 narn
1654 4111 1696 4186 dc

324 4211 818 4300 inflatavelicaobae'rem
830 4211 1100 4324 constipatum
1115 4211 1700 4329 grav-iorest‚qudmllace1dar

326 4339 373 4417 δι
387 4327 627 4445 AEolipilam
641 4329 909 4427 candentem,
926 4337 1018 4412 aere
1033 4333 1144 4414 intus
1160 4334 1201 4414 vi
1222 4331 1362 4417 caloris
1375 4357 1464 4414 raro
1474 4340 1488 4430 ,'
1503 4331 1699 4416 leviorem

241 4525 253 4550 ‚
326 4444 528 4566 primirm,
545 4440 715 4561 posteri,
736 4443 811 4529 ubi
836 4444 1055 4545 refrixerit,
1072 4444 1299 4558 graviorem
1322 4441 1400 4530 elle
1419 4449 1701 4560 experimento

324 4561 573 4662 didicimus,
597 4575 690 4648 aere
705 4555 942 4676 all'umptam
960 4565 1165 4650 raritatem
1183 4561 1414 4678 abjiciente.
1460 4562 1571 4649 Clrm
1585 4565 1701 4646 eninr

223 4676 226 4686 ’
320 4679 426 4800 radij
448 4669 648 4798 asphane
671 4705 813 4789 centro
832 4680 891 4770 ad
907 4675 1164 4802 superficiem
1177 4681 1290 4770 duni
1309 4677 1472 4794 longilrs
1487 4675 1511 4766 d
1529 4673 1568 4764 se
1585 4680 1699 4762 invi-

221 4833 224 4838 ’
1607 4819 1701 4880 cem
