3818 5264
298 208 375 322 94
598 286 603 294 ,
748 155 1190 290 --Mecham'rumm
1306 181 1309 190 '

302 317 476 418 omnini
492 351 575 408 non
594 325 755 439 urgeri,
771 323 845 409 nisr
860 323 1022 439 praeciso
1031 324 1217 416 funiculo
1231 323 1304 413 libi
1319 323 1573 445 relinquatur
1588 331 1680 448 glo-

305 447 381 536 bus
393 506 405 544 ,
418 469 464 528 ut
475 444 520 534 in
531 441 726 531 inclinato
738 441 859 558 plano
875 445 949 532 EF
964 443 1017 528 ad
1028 439 1262 531 descensum
1275 473 1424 560 pronus
1435 477 1578 535 contra
1589 449 1683 544 sub-¹

299 565 456 680 jeeium
472 555 637 674 planum
654 563 819 656 nitatur,
830 554 856 644 ti
867 589 950 678 quo
964 565 1195 675 cogitur,ut
1211 565 1255 644 in
1270 587 1385 644 motu
1397 556 1423 646 d
1437 567 1560 663 recto,
1570 565 1682 680 quod

303 673 1215 776 aduniversicentrumest,ir1neredesieciar.
1251 752 1255 764 ,
1685 733 1692 743 -

364 791 492 908 Qud
506 791 533 874 sr
545 789 711 904 planum
723 789 966 877 inclinatum
983 796 1054 880 EF
1069 797 1127 876 ita
1146 788 1330 908 suspenso
1341 789 1465 903 globo
1494 791 1531 874 A
1553 787 1681 904 subji-

304 917 459 1006 ciatur,
480 935 525 990 ut
553 911 660 990 recia
674 905 783 990 linea
797 935 986 996 centrum
1012 913 1218 1022 gravitatis
1235 913 1272 992 Α
1291 969 1303 1008 ,
1327 919 1368 994 δι
1383 909 1581 1024 pumicum
1599 903 1681 992 sus·
1717 929 1731 952 ⁰

306 1026 510 1148 pensionis
527 1023 573 1106 H
594 1027 849 1138 conjungens
866 1023 1052 1140 parallelo
1072 1024 1247 1112 fielineae
1259 1024 1333 1120 EF
1348 1085 1359 1120 ,
1374 1053 1497 1140 quam
1509 1034 1552 1106 in
1562 1022 1683 1138 plano

221 1135 224 1144 ¹
307 1143 505 1232 inclinato
533 1136 783 1224 descendens
809 1138 957 1252 globus
979 1169 1232 1256 percurreret
1251 1175 1263 1234 ι
1285 1167 1492 1225 momenta
1517 1141 1686 1254 quidem

306 1259 610 1376 grauitationis,
625 1283 716 1368 quae
730 1258 774 1337 in
785 1285 836 1339 eo
847 1255 969 1370 plano
985 1255 1188 1342 obtineret
1206 1255 1351 1370 globus
1364 1258 1416 1344 ad
1429 1253 1682 1340 descenden-

305 1379 432 1472 dum,
451 1367 855 1456 exercebitadversirs
872 1372 1032 1459 clavum
1053 1376 1298 1456 retinentem
1315 1381 1358 1454 irr
1372 1373 1443 1470 H,
1461 1366 1684 1482 subjedtum

306 1487 409 1580 verb
424 1486 589 1603 planum
602 1489 674 1574 EF
691 1487 858 1600 perinde
872 1486 1241 1601 urgebitur‚atque
1256 1487 1283 1572 si
1297 1485 1410 1572 nullo
1423 1489 1623 1572 retinente
1633 1486 1685 1573 li-

307 1610 404 1697 bera
419 1599 516 1690 esset
535 1601 660 1717 globo
674 1598 948 1690 descendendi
955 1601 1127 1688 facultas
1143 1641 1153 1686 ε
1171 1608 1232 1689 vis
1248 1608 1382 1702 enim,
1399 1601 1480 1719 qui
1491 1601 1684 1718 prohibe
1771 1637 1775 1646 ¹

308 1753 375 1808 tur
387 1719 555 1836 globus,
573 1748 624 1805 ne
637 1747 848 1820 moveatur
861 1715 1085 1811 [ειιιιιάὺιιι
1098 1723 1246 1806 tedam
1261 1718 1435 1818 lineam,
1455 1747 1501 1802 ut
1514 1717 1686 1812 constat,

267 1937 269 1942 ¹
307 1840 530 1957 opponitur
552 1830 760 1922 descensui
784 1839 828 1916 in
851 1835 975 1951 pluam
1000 1833 1196 1922 inclinato
1216 1871 1227 1930 ι
1248 1839 1336 1952 ejus
1358 1862 1496 1920 autem
1514 1836 1685 1928 discum

308 1961 348 2044 A
362 1959 408 2038 H
427 1983 512 2038 non
524 1954 745 2066 opponitur
754 1954 902 2035 nitenti
919 1956 962 2035 in
973 1951 1164 2068 planum,
1180 1956 1247 2036 coi
1266 1949 1453 2066 parallela
1469 1949 1540 2038 est

367 2075 523 2156 Contra
535 2061 634 2152 verb
654 2065 682 2149 sr
700 2065 844 2176 globus
861 2071 904 2152 in
915 2066 1037 2184 plano
1046 2051 1245 2152 inclina'ro
1256 2067 1497 2151 constiturus
1510 2071 1685 2152 retinea-

309 2218 377 2274 tur
392 2179 616 2270 secundina
634 2185 782 2266 seuam
802 2179 979 2282 lineam,
996 2211 1086 2299 quae
1098 2185 1148 2267 ad
1162 2182 1497 2298 perpendiculum
1513 2185 1622 2276 eadit
1641 2189 1687 2268 in

302 2301 531 2414 'subjeetum
544 2297 713 2412 planum
728 2301 799 2388 EF
810 2359 825 2397 ‚
840 2303 1034 2386 nimirum
1052 2295 1274 2385 secundum
1297 2300 1446 2384 lineam
1466 2301 1551 2384 LO
1562 2361 1577 2404 ‚‚
1605 2303 1686 2382 irn-

309 2421 472 2538 peditur
482 2416 743 2614 ‹puidemgne
754 2443 896 2502 contra
912 2414 1266 2530 plantunnitaturr
1286 2411 1353 2502 sed
1366 2419 1427 2498 vis
1442 2413 1685 2499 istasrcreri-

311 2565 412 2620 nens
434 2563 490 2616 nu
506 2527 546 2616 ld
564 2534 720 2618 rarione
741 2527 971 2618 adversatur
990 2534 1122 2614 motui
1146 2534 1192 2614 in
1207 2529 1327 2644 plano
1342 2531 1562 2630 inclinato,
1584 2533 1688 2646 quin

309 2647 450 2738 iisdem
474 2649 681 2758 gravitatis
705 2652 922 2762 momentis
936 2644 1156 2748 descendat
1181 2645 1326 2757 globus
1348 2651 1392 2730 iu
1408 2678 1459 2730 co
1480 2647 1602 2767 plano
1622 2681 1635 2740 3
1658 2645 1688 2730 fi

311 2766 481 2882 quidem
504 2767 714 2848 retinentis
736 2764 907 2850 direuio
923 2765 1008 2848 LO
1029 2789 1190 2846 maneat
1205 2759 1359 2878 semper
1381 2762 1571 2850 adversim
1586 2761 1689 2847 illud

311 2879 482 3002 planum
495 2875 850 2996 perpendicularis.
896 2882 1007 2964 Nam
1022 2877 1050 2962 li
1071 2883 1254 2993 potentia
1267 2884 1444 2985 retinens
1464 2877 1688 2966 secundum

311 3027 403 3083 eam
414 2995 679 3081 directionem
692 3022 810 3106 agat,
827 3021 874 3078 ut
887 3024 1021 3109 neque
1033 3020 1232 3106 congruat
1243 2993 1566 3112 perpendiculari
1585 2997 1687 3094 LO,

298 3115 449 3232 'neque
467 3107 660 3228 parallelae
683 3113 728 3194 H
739 3113 775 3195 A
788 3171 799 3209 ,
811 3108 976 3212 obsistet
985 3113 1241 3224 gravitationi
1256 3115 1433 3224 corporis
1450 3109 1533 3196 srvi:
1547 3113 1589 3194 in
1604 3109 1689 3224 pla·

312 3241 370 3318 n'o
387 3225 612 3324 inclinato,
636 3224 718 3312 live
738 3224 972 3361 in'planum
995 3226 1236 3312 inclinatum
1259 3257 1333 3342 pro
1353 3231 1508 3310 ratione
1531 3225 1687 3338 auguli,

315 3343 440 3460 quem
456 3343 669 3426 retinentis
683 3341 850 3426 direciro
865 3345 973 3424 inter
989 3341 1365 3458 perpendicularem
1381 3346 1485 3442 LO,
1502 3353 1544 3428 δι
1558 3341 1688 3458 paral-

314 3459 436 3546 lelum
452 3459 546 3542 HA
562 3460 800 3573 interjedia‚
824 3456 1045 3542 constituet
1067 3486 1164 3540 cum
1184 3457 1305 3573 plano
1324 3458 1532 3544 inclinato.
1630 3489 1689 3544 uat

213 3658 223 3677 ,
316 3580 428 3660 enim
441 3577 550 3658 inter
569 3571 654 3658 LO
676 3586 716 3660 δι
730 3577 767 3658 C
780 3577 817 3660 A
831 3571 955 3660 fuerit
967 3636 978 3673 ,
991 3571 1117 3658 elidet
1127 3603 1292 3659 omnem
1307 3581 1484 3689 corporis
1497 3605 1691 3662 conatum
1797 3615 1802 3624 ·

316 3687 509 3778 adversius
521 3684 711 3806 planum,
726 3686 844 3806 dquo
860 3687 959 3774 illud
976 3686 1114 3774 avellit
1121 3724 1134 3784 ι
1148 3721 1233 3776 non
1247 3721 1384 3776 autem
1400 3721 1565 3776 omnem
1580 3721 1690 3792 eum,

191 3827 193 3830 ·
317 3811 453 3924 quiin
468 3803 588 3922 plano
609 3807 805 3890 inclinato
821 3803 1007 3894 deorsum
1021 3809 1137 3922 rapit.
1182 3811 1287 3917 Qut
1310 3803 1410 3892 veri>
1437 3808 1560 3896 fuerit
1584 3813 1692 3892 inter
1764 3892 1766 3901 Α

319 3927 408 4009 CA
432 3931 473 4006 ἃ
489 3923 534 4004 Η
549 3923 584 4004 Α
599 3983 610 4019 ,
627 3921 740 4006 tollet
753 3924 921 4040 quidem
935 3917 1171 4010 descensum
1183 3924 1226 4006 in
1244 3923 1365 4038 plano
1385 3927 1452 4011 EF
1472 3925 1689 4019 inclinatos

65 4089 69 4100 ·
142 4065 151 4089 ³
319 4033 1692 4160 sednouonmindprohibebir,quin-subjediumplanum,cuialiqua·

320 4181 437 4238 tenus
456 4156 620 4268 nititur,
633 4175 790 4268 urgeat.¹
807 4155 855 4240 Id
866 4153 1107 4269 quodfrcile
1120 4156 1334 4270 intelligas,
1346 4157 1373 4241 fi
1387 4158 1506 4273 plana
1517 4157 1695 4274 subjetra

316 4269 403 4358 BD
431 4267 710 4367 horizontale,
731 4279 771 4358 lit
796 4273 869 4357 Er
891 4269 1132 4358 inclinatum
1156 4303 1207 4360 ex
1223 4275 1401 4362 maxime
1416 4275 1546 4362 flexili
1560 4305 1691 4361 mate-

318 4390 404 4482 ria,
424 4411 551 4501 puta‚
579 4413 757 4501 papyro,
777 4391 981 4504 concipias
1000 4423 1012 4483 ι
1039 4393 1084 4474 in
1107 4389 1289 4506 quilibet
1304 4396 1416 4476 enirn
1439 4389 1692 4508 suspensione

317 4505 424 4590 iuter
449 4501 511 4597 C,
537 4511 579 4586 δι
602 4505 659 4602 L,
681 4503 846 4620 planum
866 4506 950 4588 BD
965 4505 1218 4592 horizontale
1234 4509 1420 4592 trenetur
1432 4539 1482 4594 ex
1552 4512 1692 4610 uderc,

168 4711 195 4726 g
319 4643 559 4724 nouantem
578 4619 820 4710 inclinatum
843 4623 913 4713 EF
932 4617 1102 4714 :contri
1122 4621 1223 4713 verb
1240 4630 1286 4713 in
1303 4617 1420 4714 ‘omrai
1437 4621 1481 4712 su
1494 4625 1691 4746 pensione

539 4785 543 4796 ·
1580 4771 1690 4830 mter
