3780 5270
198 291 201 300 ,
359 189 465 331 μό
730 197 733 204 ’
836 167 1254 288 Mechanirorum

263 349 264 352 ‘
390 337 537 432 Porri>
568 345 611 426 in
630 339 738 426 funis
753 335 923 442 durtssarij
951 331 1318 420 circumvolutione
1339 337 1446 418 circa
1471 329 1640 419 succulae
1656 365 1721 428 aut

348 461 512 572 Ergatae
526 456 757 570 cylindrum
779 449 1075 536 observandum
1097 449 1186 548 cst,
1212 477 1297 533 non
1319 445 1398 534 effe
1414 447 1576 534 ncccss'e
1597 482 1720 540 totum

348 576 492 662 fiunem
509 567 801 664 circumvolvi,
823 565 964 681 illique
987 566 1148 652 adneffl
1173 600 1184 660 5
1208 565 1326 650 nimis
1345 571 1457 649 enim
1481 565 1634 650 multus
1651 569 1720 654 ali·

349 690 517 808 quando
540 681 670 786 effer,
701 694 742 771 δι
767 712 852 768 non
880 681 970 772 leve
999 677 1163 766 afferret
1190 683 1498 766 incommodum
1523 705 1541 775 ς’
1563 711 1610 765 ut
1641 683 1721 770 satis

349 805 530 903 constat,
552 803 647 888 clun
664 797 862 884 solvendae
882 803 972 880 lunt
991 797 1244 894 anchorae,sr
1260 789 1431 880 craffum
1447 795 1564 881 illum
1582 801 1722 887 ruden—
1864 873 1865 892 ³

350 950 434 1007 tem
448 947 582 1004 totum
597 915 784 1029 cylindro
797 913 1047 996 circumduci
1063 939 1163 1024 opus
1175 906 1297 1006 effct,
1314 940 1360 994 ut
1373 914 1554 998 anchora
1571 913 1594 998 ὲ
1610 925 1722 1001 maris
1864 915 1865 990 i

350 1037 483 1140 fundo
496 1034 740 1119 extrahatur.
770 1033 878 1112 -Satis
899 1023 1125 1140 igiturest,
1146 1025 1295 1112 srfunis
1314 1027 1471 1141 duplici
1489 1055 1561 1112 aut
1579 1033 1722 1146 triplici

313 1189 315 1194 ·
351 1149 455 1267 spiri
478 1147 707 1262 cylindrum
730 1145 1113 1258 circumplec‘bntur,
1148 1144 1314 1260 quaudo
1339 1147 1523 1256 ingentia
1547 1147 1723 1261 pondera

353 1268 556 1352 movenda
568 1261 656 1348 sunt
666 1296 678 1354 3
697 1261 784 1345 haec
800 1259 998 1372 siquidem
1012 1257 1129 1342 valde
1146 1257 1352 1353 resiliunt,
1369 1269 1412 1346 δι·
1429 1258 1485 1342 ita
1496 1259 1608 1346 funis
1623 1268 1725 1352 circu

352 1383 483 1497 ipsum
496 1380 725 1490 cylindrum
736 1374 1038 1484 constringitur,
1051 1399 1099 1454 ut
1112 1370 1226 1457 illurn
1243 1372 1376 1458 variet
1388 1404 1558 1490 premat,
1576 1407 1653 1463 nec
1665 1381 1725 1466 fa-

355 1499 436 1583 cile
449 1497 562 1612 poffit
576 1517 814 1588 excurrere,
830 1485 1008 1574 maxime
1025 1486 1051 1569 fi
1067 1485 1272 1598 cylindrus
1290 1517 1374 1572 non
1391 1490 1513 1576 fuerit
1528 1495 1729 1610 exquilitd

355 1637 537 1698 tornatus
556 1643 568 1703 5
590 1613 738 1694 nimius
754 1601 905 1688 scilicet
921 1606 1096 1718 partium
1110 1600 1148 1686 se
1176 1603 1218 1690 se'
1234 1631 1378 1688 mutuo
1402 1606 1728 1721 contingentium

353 1725 559 1822 affriuus,
575 1727 645 1840 qui
661 1752 755 1807 cum
770 1719 940 1832 cylindri
957 1714 1166 1830 superficie
1186 1719 1270 1803 fieri
1286 1717 1658 1838 deberet„perinde
1670 1757 1726 1812 re·

353 1843 453 1930 sistit
466 1905 477 1941 ,
492 1869 615 1956 atque
630 1839 657 1922 sr
670 1834 785 1922 'funis
801 1833 950 1948 paxillo
964 1859 1034 1914 aut
1047 1833 1200 1917 annulo
1220 1829 1316 1918 ellet
1330 1832 1441 1920 idem
1455 1839 1641 1953 cylindro
1653 1845 1723 1928 ad-

354 1987 509 2044 nexus.·
527 1963 668 2072 Qare
686 1948 773 2036 satis
787 1951 935 2048 fuerit,
954 1946 1099 2063 srpuer
1110 1945 1252 2034 funem
1264 1949 1308 2032 in
1324 1957 1586 2040 converlione
1598 1945 1727 2073 expli·

356 2060 690 2182 catumclrlligat.
1528 2127 1531 2134 ι

411 2189 598 2274 Exdiuis
613 2185 702 2271 tum
717 2183 823 2284 hoc,
839 2178 931 2270 clun
941 2177 1134 2296 superiori
1148 2183 1302 2300 capite,
1322 2179 1409 2270 satis
1425 2183 1584 2272 constat
1596 2251 1607 2286 ,
1618 2217 1727 2303 quae-

233 2359 241 2371 »
352 2336 449 2392 nam
460 2302 676 2417 longitudo
692 2299 903 2386 statuenda
919 2299 1132 2394 srtRadio‚
1145 2309 1211 2380 cui
1223 2305 1729 2418 potentiadataopplican-

351 2421 405 2508 da
421 2419 522 2518 est,sr
537 2423 686 2534 pariter
698 2414 872 2527 cylindri
889 2409 1238 2508 somniantium
1256 2420 1392 2500 oneris
1407 2423 1581 2530 gravitas
1598 2423 1726 2510 detur.

240 2535 243 2542 '
353 2536 507 2623 Namst
529 2535 600 2618 fiat
610 2560 656 2618 ut
666 2534 760 2618 data
771 2527 958 2616 Potentia
972 2530 1024 2614 ad
1038 2526 1175 2612 datam
1187 2529 1379 2650 ponderis
1396 2533 1659 2643 gravitatem,
1676 2545 1729 2626 itt

352 2653 448 2738 data
468 2649 641 2769 cylindri
669 2644 1033 2736 semidiamcrerad
1048 2641 1252 2757 quaesrtam
1278 2645 1398 2756 Radiy
1415 2647 1729 2764 longitudinem,

353 2767 530 2854 habetur
555 2765 771 2878 longitudo
796 2759 994 2846 sufficiens
1010 2756 1064 2844 ad
1091 2752 1369 2848 sustinendum
1397 2768 1559 2877 pondus
1577 2771 1622 2852 in
1640 2784 1729 2857 aere

354 2878 598 2996 suspensum·
634 2880 773 2994 Qare
788 2905 861 2991 pro
872 2873 1066 2960 arbitratu
1078 2886 1276 2984 augeatur
1292 2877 1509 2987 longitudo
1519 2881 1658 2994 naun,
1673 2899 1729 2988 or,

355 2995 451 3083 clun
471 2995 668 3099 laciniam
687 2995 732 3078 lit
748 2993 874 3101 major
887 2995 1011 3078 Ratio
1029 2989 1163 3070 motus
1182 2997 1371 3101 potentiae
1384 2994 1607 3082 admotum
1620 3031 1724 3116 pon-

354 3110 487 3208 deris,
503 3107 626 3226 quim
639 3108 821 3194 srtRatio
834 3108 1039 3218 gravitatis
1054 3102 1244 3216 ponderis
1261 3107 1313 3192 ad
1333 3105 1526 3194 virtutem
1542 3121 1731 3225 potenriae

246 3308 250 3316 ,
356 3223 609 3323 sustinentis,
630 3221 697 3308 illa
710 3227 859 3338 poterit
873 3218 1121 3341 propositum
1137 3220 1298 3332 pondus
1316 3253 1493 3308 movero.
1542 3227 1608 3312 Sic
1626 3263 1727 3346 quo·

355 3345 467 3427 niani
482 3340 526 3424 in
542 3339 712 3425 novibus
724 3338 777 3422 ad
791 3363 950 3452 proram
967 3337 1074 3440 jacet
1088 3331 1293 3420 horizonti
1312 3338 1523 3454 parallelus
1542 3343 1734 3433 versatilis

247 3555 257 3563 .
357 3455 565 3572 cylindrus
581 3461 593 3553 l
604 3483 675 3558 tut
691 3451 824 3568 potilrs
844 3452 1108 3564 hexagomtm
1119 3442 1448 3564 senodog'onum
1460 3455 1631 3570 prisma)
1657 3493 1731 3546 cu.

320 3582 326 3593 “
356 3573 418 3684 jus
437 3573 668 3657 extremitas
679 3561 1004 3654 decrescentibus
1015 3567 1146 3656 crenis
1158 3563 1407 3652 denticulata
1424 3573 1732 3662 incumbentem

355 3685 536 3818 ligneam
553 3683 734 3796 regulam
750 3682 915 3794 singulis
933 3677 1103 3768 subinde
1127 3689 1258 3766 crenis
1286 3683 1462 3798 excipit,
1478 3715 1531 3777 nc
1542 3695 1729 3804 ponderis

358 3833 402 3892 rr
417 3811 461 3891 in
479 3804 721 3888 contrariam
760 3827 887 3882 artem
904 3795 1079 3908 retroagi
1087 3793 1240 3908 ualeat,
1254 3809 1294 3884 &
1307 3799 1493 3913 cylindro
1503 3811 1740 3894 circumdu-¹

357 3925 467 4024 citur
475 3917 622 4006 rudens
644 3827 791 4018 (usim
803 3908 858 3998 ¹ab
867 3911 1071 4029 aliquibus
1085 3908 1264 4010 dicitur)
1281 3943 1332 4000 ex
1342 3945 1428 4030 quo
1437 3918 1620 4006 anchora
1627 3951 1732 4039 pen·

355 4037 427 4126 det
442 4071 463 4134 5,
474 4064 551 4122 nec
568 4029 720 4118 habere
731 4029 863 4145 potest
879 4028 1013 4147 plures
1022 4026 1178 4112 Rodios
1248 4027 1397 4144 rperud
1411 4034 1615 4137 adnexos3
1631 4069 1734 4154 quus

355 4151 551 4240 videlicet
565 4145 674 4262 spotij
689 4143 884 4258 angustiae
896 4143 1002 4264 ferte
1016 4171 1102 4228 non
1117 4055 1287 4258 puniit,
1298 4140 1396 4232 ided
1411 4145 1611 4236 foramina
1623 4183 1732 4270 quae.
1768 4245 1769 4248 y

356 4267 452 4355 dant
474 4265 622 4360 habet,
637 4260 813 4376 quibus,
833 4259 904 4345 ubi
928 4258 1031 4374 o'pus
1053 4257 1209 4358 fuerit,
1237 4260 1467 4348 inseruntur
1487 4269 1635 4352 veste&
1681 4280 1734 4358 Ur

356 4385 535 4468 vestium
560 4375 778 4488 longitudo
805 4373 998 4460 statuatur
1015 4376 1241 4472 ‚-anchorae
1267 4381 1556 4488 graviuscum
1575 4383 1734 4497 adjedlo

253 4531 256 4536 ·
309 4503 317 4518 '
356 4497 501 4608 ligneo
515 4489 793 4580 transversario
807 4489 1095 4576 consideranda
1110 4489 1300 4609 est,quae
1315 4491 1375 4578 est
1388 4493 1474 4580 fere
1489 4493 1561 4581 sub
1576 4526 1732 4585 trecen-

357 4611 471 4733 tupla
487 4605 694 4728 gravitatis
707 4610 821 4698 navis
836 4633 988 4712 vacue,
1002 4605 1450 4726 numunianum:
1460 4607 1730 4730 [ὦψαι-μη.

1510 4757 1727 4822 innuimus·
