3834 5272
500 138 869 332 [ibateirius.
904 207 1117 332 CAPu'T
1146 141 1282 334 Vll.
1465 263 1532 374 ²³9
1542 273 1565 376 5

191 395 318 485 fuerit
332 413 548 476 extentus:
568 407 694 498 qnare
709 374 821 462 librat
834 377 982 492 jugum
999 406 1054 464 ox
1068 378 1147 464 lade
1164 405 1277 500 parte
1292 383 1472 477 ascendit
1485 395 1570 480 fine
1651 474 1656 483 ,
1771 434 1776 443 ·

190 503 437 604 refistential,
459 505 560 590 dunt
581 529 633 582 ex
658 491 808 593 alterd,
825 523 918 609 quae
931 492 1163 582 funiculum
1181 498 1308 586 habet
1329 503 1570 610 breviorem,

185 629 351 718 invenit
365 619 653 709 refistentiamt
670 639 793 728 atque
810 603 934 696 alteri
945 618 1202 698 extremitate
1213 647 1403 706 tnattenue
1416 683 1427 721 ,
1441 625 1567 712 alteral

185 741 457 834 ascemlente,
468 739 617 848 jugum
636 729 857 812 inclinatur
869 775 888 825 ,r
899 755 1068 812 extento
1079 731 1247 820 demltm
1262 765 1435 854 utroque
1450 741 1564 828 luni.

185 859 284 946 culo
298 857 396 941 lanx
412 879 583 966 utraque
599 843 806 930 attollitur.
832 843 908 930 Sed
922 846 1018 958 quia
1032 875 1084 929 ex
1094 846 1309 963 hypothesi
1326 855 1565 944 ontniasunt

184 973 382 1092 aqualia,
399 967 464 1054 vel
487 991 668 1050 romanet
691 966 839 1077 jugum
860 987 906 1044 1n
929 960 1073 1048 eddem
1093 968 1289 1078 politione
1309 970 1578 1075 inclinatum,

77 1091 97 1106 '
183 1093 429 1208 stpundlum
441 1082 553 1169 librat
564 1079 731 1166 brachia
750 1077 1032 1162 disterminans
1047 1108 1247 1194 congruat
1256 1090 1564 1190 cennomouls,

151 1289 160 1304 ,
182 1209 253 1296 vel
268 1236 359 1322 pars
372 1200 572 1287 inclinata
588 1192 999 1293 ulter-ilardescendit,
1020 1192 1233 1312 fispartum
1245 1201 1295 1286 fit
1308 1203 1476 1290 inferius
1488 1235 1564 1321 po-

184 1325 341 1414 fitunn
455 1378 458 1386 ·

169 1439 170 1442 ‘
240 1442 361 1524 Hinc
385 1434 566 1552 pondera
586 1456 782 1546 apparent
803 1426 1015 1542 inaeqnalia
1029 1487 1042 1531 ,
1061 1437 1244 1545 quanwis
1270 1432 1367 1522 vere
1394 1437 1572 1554 aequalia.

183 1557 262 1642 srnt
277 1587 290 1650 r
308 1565 353 1640 &
369 1581 453 1636 non
471 1544 562 1633 rard
581 1549 731 1632 accidit
752 1571 935 1630 monetas
949 1545 1106 1660 aliquas
1122 1574 1260 1632 aureas
1283 1579 1476 1668 tanquam
1494 1556 1559 1641 le-

182 1705 253 1760 ves
271 1671 405 1780 rejici,
423 1669 607 1782 quamuis
623 1661 761 1750 reverti
773 1660 954 1776 srntjusti
971 1672 1014 1748 δι
1031 1661 1203 1775 legitimi
1222 1669 1410 1780 ponderis
1431 1705 1442 1763 ς
1464 1677 1563 1786 quia

180 1789 336 1887 lancta,
352 1791 419 1870 tui
435 1775 941 1894 imponuntut,fnniculus
953 1776 1207 1890 longiorest,
1222 1792 1263 1868 &t
1274 1781 1375 1867 libra
1385 1788 1436 1870 ad
1448 1788 1558 1874 hanc
1633 1853 1637 1856 -

180 1933 361 2022 partem,
380 1907 423 1986 in
443 1899 523 2016 qual
535 1895 595 1982 est
611 1891 1047 2010 pondus,inclinatnr5
1067 1894 1246 2009 idedque
1259 1897 1451 1986 tribuitur
1466 1931 1556 1988 mo-

178 2050 286 2106 netae
299 2019 462 2114 levitas,
477 2015 573 2128 quia
584 2012 686 2098 libra
709 2037 838 2096 vacua
852 2015 897 2094 ln
910 2021 1002 2094 adae
1012 2005 1196 2124 suspensa
1212 2012 1418 2134 justifl'gma
1431 2047 1556 2134 appa-
1582 2066 1586 2074 ·

178 2165 253 2224 ret.
292 2127 477 2222 Vicissim
489 2133 615 2242 igitur
634 2125 764 2242 potest
781 2126 889 2224 fieti,
908 2151 1128 2210 utmoneta
1146 2127 1245 2212 levia
1257 2151 1445 2244 appareap
1456 2158 1556 2250 prae'·

179 2253 436 2371 ponderans,
455 2253 498 2330 in
512 2241 611 2329 libri
629 2245 803 2360 spartum
818 2240 991 2327 inferius
1010 2240 1213 2342 habente,
1234 2245 1260 2328 li
1280 2275 1444 2331 monem
1456 2249 1562 2346 levia,
1602 2263 1605 2271 '

176 2373 302 2458 fuerit
315 2361 642 2482 impositalanci‚
661 2362 777 2480 cujus
790 2356 999 2442 fitniculus
1021 2357 1383 2456 breviorestefasttl
1403 2352 1557 2452 scilieet
1638 2367 1657 2412 ’-

174 2493 260 2604 jam
269 2487 360 2599 jugi
374 2483 427 2566 ad
443 2480 552 2564 hane
572 2503 727 2593 partem
749 2473 1040 2572 inclinatione,
1061 2503 1154 2558 cum
1170 2475 1306 2590 postea
1326 2478 1421 2567 lanx
1442 2509 1554 2569 utra-

176 2633 260 2720 que
280 2599 303 2684 tl
320 2598 442 2714 plano
463 2593 686 2710 separatur,
707 2589 936 2703 legitimum
951 2591 1134 2706 pondua,
1153 2595 1263 2710 quod
1284 2598 1445 2705 gravius
1459 2601 1555 2712 qui-

175 2723 274 2808 dem
295 2714 386 2813 est,
408 2741 493 2796 non
513 2708 643 2826 potest
664 2704 911 2796 descendere
925 2705 1026 2824 ,nist
1044 2705 1200 2792 attollat
1224 2710 1443 2824 oppofitam
1463 2713 1554 2798 lan·

177 2864 269 2924 cem
282 2833 421 2939 ,eujus
432 2825 683 2912 ascendentis
695 2851 830 2908 motus
848 2824 977 2936 major
987 2815 1065 2908 else
1074 2823 1244 2909 deberet
1254 2853 1368 2910 motu
1379 2823 1553 2938 legitimi

174 2949 368 3073 ponderis
390 2941 695 3034 descendentist
710 2967 758 3022 ac
773 2935 989 3054 propterea
1004 2937 1075 3021 nist
1098 2939 1145 3022 fit
1164 2945 1292 3056 major
1305 2943 1427 3026 Ratio
1443 2973 1550 3058 pon-

173 3066 346 3159 detisad
357 3087 586 3154 monetam,
599 3051 725 3169 quam
736 3051 1312 3144 motllsmonetae-aleendentis
1324 3059 1375 3158 ad
1393 3087 1552 3150 motum

173 3184 368 3306 ponderis
391 3173 695 3271 descendentis,
720 3196 884 3254 moneta
909 3169 1116 3256 videbitur
1136 3175 1445 3290 praeponderans
1469 3213 1479 3259 t
1505 3187 1548 3265 δι

172 3295 368 3414 tantisper
383 3290 525 3380 latebit
544 3285 662 3374 dolus
676 3348 689 3386 ,
703 3287 804 3372 dum
819 3286 924 3372 faeta
939 3286 1062 3372 fuerit
1078 3293 1122 3372 in
1142 3287 1324 3376 lancibus
1346 3291 1552 3404 ponderis,

175 3431 219 3506 &
240 3439 413 3501 monem
435 3401 700 3498 commutatio
720 3439 741 3487 t·
757 3401 967 3519 apparebit
984 3405 1180 3519 Equidem
1196 3405 1323 3492 levius
1337 3402 1380 3490 id
1402 3463 1414 3506 ,
1436 3409 1549 3524 quod

172 3543 220 3622 in
233 3535 350 3619 lance
362 3527 513 3643 pendet
525 3519 977 3634 exfuniculolongiore.
1009 3517 1550 3645 Qtddsrlibtahuprlinodi
1645 3589 1647 3598 .
1770 3552 1779 3567 ·

170 3645 367 3740 fitnitulis
380 3637 645 3759 inaequalibus
665 3633 859 3722 instruat
882 3633 1060 3753 spartum
1075 3635 1243 3725 haberet
1259 3643 1302 3726 in
1321 3639 1413 3728 loco
1429 3637 1547 3756 supe-

171 3777 301 3862 riore,
319 3760 439 3846 initio
455 3757 623 3876 quidem
640 3752 825 3868 impofita
849 3749 1018 3869 aqualia
1034 3755 1212 3869 pondera
1226 3784 1464 3873 apparerent
1481 3765 1546 3841 in-

171 3882 367 4002 aequalia‚
381 3869 1548 3996 quianonviderenturaequilibria,seddemltmselibrain

169 3997 398 4118 aequilibrio
407 3991 692 4093 constitueret,
712 3986 741 4069 st
759 3991 857 4074 vere
865 3994 1004 4072 omnia
1014 3989 1181 4104 aqualia
1197 3993 1292 4075 srnt·
1310 4017 1354 4072 ut
1374 3987 1449 4074 fert
1465 3991 1544 4100 hy⁴

167 4115 362 4236 pothelisr
388 4113 446 4196 At
459 4111 486 4193 st
500 4171 512 4208 ,
528 4137 574 4194 ut
588 4135 674 4190 non
687 4103 1119 4222 patreitpvenditoribus
1135 4105 1301 4220 vulgare
1319 4105 1400 4200 est,
1419 4113 1474 4186 ita
1494 4107 1545 4189 li-

168 4239 244 4326 bra
261 4226 566 4324 firtonstituta,
584 4251 630 4306 ut
648 4221 742 4306 lanx
753 4218 901 4320 altera,
916 4225 984 4306 cui
1000 4221 1228 4338 legitimum
1245 4223 1400 4334 pondus
1413 4227 1541 4334 impo-

165 4352 282 4442 nitur
293 4343 413 4466 juxtal
428 4341 634 4460 quaesitam
657 4340 803 4422 mercis
823 4343 1111 4453 quantitatem,
1127 4336 1306 4450 subjetlo
1329 4335 1448 4448 plano
1479 4368 1517 4420 tn

166 4469 306 4565 fillat,
334 4463 458 4546 altera
476 4460 603 4544 metti
626 4453 826 4539 destinata
846 4457 889 4539 in
916 4461 1008 4538 adre
1033 4456 1239 4570 pendeat,
1265 4451 1417 4562 linguis·v
1444 4487 1505 4536 „nr
1521 4485 1542 4534 ··.

165 4606 446 4698 congruente,
460 4605 550 4696 quae
571 4568 842 4685 aequilibrium
856 4571 1032 4656 ostendit
1043 4607 1056 4666 3
1068 4571 1115 4652 fit
1128 4563 1227 4650 veri)
1241 4567 1445 4654 funiculos

159 4709 225 4792 eis
246 4686 1024 4822 planoincumbentisfortassenonsatis
1036 4710 1225 4776 extentus
1243 4689 1364 4800 (quia
1376 4689 1431 4776 it„
1493 4732 1545 4804 '':·
