3808 5262
438 227 594 346 Liber
593 226 860 384 secundus.
881 234 1107 376 ‚CAPuT
1140 239 1246 350 VI.
1385 227 1397 246 ⁸
1430 281 1524 381 193

154 395 330 514 prudens
363 395 649 493 machinator,
683 389 808 513 quam
838 392 962 483 solida
991 409 1032 486 δι
1060 393 1182 484 croisa
1206 395 1538 488 statui'debeant

161 542 328 629 quaeque
352 511 636 596 machinarum
656 512 867 608 membra,
902 513 1042 627 quove
1065 513 1158 599 loco
1189 511 1425 602 collocanda
1445 518 1537 620 ssot,

160 641 205 712 ιιι
226 629 457 714 &materia
481 626 670 714 &forma
697 624 964 742 respondeant
985 629 1059 738 fini
1082 692 1092 729 ,
1120 633 1167 713 in
1188 659 1313 744 quem
1333 631 1539 719 machinae

46 799 54 820 ·
159 741 408 830 destinantur
433 779 442 826 ε
472 750 737 859 nequeenim
758 741 920 830 latisest
938 751 1167 844 concinno,
1193 745 1428 860 &eleganti
1448 751 1539 836 dia-

160 887 376 974 grammate
395 857 633 944 machinam
654 859 785 944 oculis
812 855 1102 978 repraesentalse
1128 927 1139 962 ,
1172 859 1338 980 ejusque
1363 867 1467 950 vires
1487 867 1541 952 ad

32 1023 33 1036 ι
156 973 332 1060 calculos
347 969 571 1072 termille,
588 1004 789 1089 quantum
814 978 979 1092 quidem
1001 1009 1052 1063 ex
1076 978 1275 1062 machinae
1296 978 1425 1094 figuti
1453 979 1539 1065 col-

160 1089 321 1202 ligitur,
344 1089 558 1178 fidenam
574 1151 585 1189 ,
602 1091 789 1177 instituto
809 1119 925 1178 motu
951 1093 1142 1180 machina
1163 1096 1343 1208 pondere
1361 1121 1538 1214 praegra-

161 1205 438 1296 rnaluxerur.
1489 1245 1494 1258 ¹
1521 1274 1538 1288 .

213 1320 320 1406 Illud
342 1351 479 1409 tanten
508 1356 701 1443 praeterta
726 1327 991 1411 Machinator
1012 1323 1332 1424 animadvertam
1363 1350 1540 1440 oportet,

162 1439 265 1553 quod
301 1433 451 1552 spectat
480 1446 533 1530 ad
566 1472 773 1528 momenta
797 1446 982 1539 virium,
1017 1469 1115 1554 quas
1149 1445 1331 1555 potentia
1365 1469 1537 1526 movens

160 1581 323 1638 exercet
342 1587 354 1648 5
377 1585 515 1673 neque
545 1566 656 1644 enirn
681 1557 760 1643 sola
787 1558 979 1674 ponderis
1000 1559 1173 1666 gravitas
1199 1557 1456 1655 machinam,
1472 1584 1543 1640 aut

166 1697 330 1784 corpus,
352 1675 424 1754 cui
440 1677 632 1762 machina
649 1673 862 1790 alligatur,
881 1699 953 1756 aut
976 1675 1195 1767 innititur,
1219 1699 1338 1784 urget
1356 1697 1427 1756 aut
1452 1701 1542 1787 pre-

164 1789 263 1878 mit,
291 1781 361 1869 sed
378 1795 419 1872 &
437 1787 519 1902 ipsa
543 1793 756 1908 potentia,
779 1791 878 1874 dum
906 1785 1105 1896 adversis:
1120 1782 1248 1902 ipsum
1274 1787 1433 1901 pondus
1463 1817 1536 1871 co-

166 1929 276 1990 mtur
307 1903 543 1990 machinam
572 1935 741 1990 movens
766 1966 784 2002 ,
821 1903 1040 2019 aliquando
1064 1929 1191 2016 auget
1223 1907 1463 2016 gravitatem
1490 1933 1543 1988 ex
1655 2009 1657 2014 Ι

164 2015 339 2130 oppolitl
362 2046 505 2133 parte,
535 2018 644 2110 adeo
670 2049 715 2104 ιιι
748 2031 788 2108 δι
810 2020 911 2104 huic
935 2028 977 2104 &
1000 2021 1172 2133 ponderi
1195 2018 1372 2103 refistere
1396 2018 1544 2103 debeat

162 2131 378 2230 machina,
408 2163 479 2218 aut
506 2137 547 2224 id
574 2200 585 2237 ,
614 2137 727 2252 quod
753 2137 989 2222 machmam
1012 2139 1170 2222 retinet.
1219 2138 1259 2218 Si
1285 2141 1397 2221 enim
1422 2135 1545 2222 fuerit

165 2249 279 2334 venis
326 2251 407 2332 AB
442 2255 508 2334 in-

166 2367 275 2450 nixos
297 2359 415 2478 super
436 2365 509 2450 ba-

166 2478 295 2562 culum
321 2483 416 2564 CD
432 2513 509 2579 ,ex

166 2599 193 2678 B
217 2595 392 2708 pendeat
418 2597 504 2709 glo·
594 2581 750 2677 ἈΞὲΞΞ
803 2685 807 2696 ,

167 2707 234 2795 bus
293 2709 510 2824 plumbeus
794 2781 797 2788 .

165 2825 225 2922 Ε,
250 2836 292 2912 δι
313 2834 508 2914 extremi-

167 2967 221 3025 tas
257 2945 294 3027 A
329 2942 508 3060 quiestat
647 3049 650 3054 Ι

168 3056 294 3174 aliquo
338 3087 507 3174 corpote

172 3179 391 3272 retinente,
413 3177 504 3260 utli

172 3285 511 3402 lnerirparietiin-
1554 3384 1558 3394 ,

174 3402 246 3488 fnra
257 3439 268 3498 5
286 3405 367 3490 lolo
390 3407 518 3518 globo
545 3411 575 3492 E
593 3413 820 3522 gravitante
832 3410 967 3492 minus
990 3404 1217 3522 perieulum
1237 3404 1369 3492 subest
1383 3409 1547 3494 fraelio-

174 3523 229 3603 nis
251 3519 336 3608 tltrn
363 3526 518 3622 vestis,
544 3523 633 3609 tltrn
651 3524 788 3609 baculi
816 3526 853 3608 C
870 3527 914 3606 D
937 3520 1219 3622 sustentantis,
1242 3521 1364 3640 qulm
1388 3527 1416 3608 sr
1434 3529 1480 3610 in
1507 3531 1550 3636 A
1617 3633 1620 3638 Δ

173 3632 217 3718 fit
233 3640 412 3750 potentia
433 3645 492 3734 Fr
512 3643 629 3755 cujus
655 3667 824 3724 conatus
842 3639 1029 3742 deorsum
1050 3639 1257 3753 oppositus
1279 3643 1544 3726 conatui-de-

174 3751 296 3836 orsum
323 3755 514 3868 ponderis
553 3759 586 3839 E
620 3753 779 3841 facililts
804 3758 1085 3851 curvitatem,
1119 3782 1189 3838 aut
1220 3757 1345 3859 eciam
1377 3755 1545 3844 demltm

170 3863 400 3954 fractionem
425 3875 551 3956 vedis
570 3873 732 3958 efficere
758 3867 889 3984 potest
908 3873 951 3952 in
967 3875 1011 3969 Ι,
1037 3897 1083 3956 ut
1106 3897 1218 3986 pater
1230 3907 1241 3966 3
1259 3867 1387 3958 immo
1407 3881 1448 3957 &
1471 3869 1544 3958 ba-

174 3981 282 4068 culus
300 3987 389 4070 CD
408 3981 632 4072 sistentem
643 3989 815 4084 venem,
827 4015 911 4070 non
926 3983 1053 4076 solltm
1070 4015 1277 4091 momenta
1289 3989 1478 4102 ponderis
1495 3989 1543 4086 E,

176 4091 237 4184 sed
255 4109 293 4186 &
310 4131 517 4188 momenta
529 4106 727 4189 Potentiae
742 4107 773 4188 Ρ
787 4161 799 4198 ,
816 4131 906 4216 quat
923 4108 966 4186 in
982 4107 1000 4187 l
1019 4107 1239 4202 uniuntur,
1254 4107 1299 4186 in
1316 4099 1355 4186 se
1376 4107 1456 4188 reci
1460 4105 1541 4216 pits¹
1579 4149 1583 4157 =

171 4241 287 4330 atque
298 4212 405 4302 adeo
428 4217 604 4336 utrisque
626 4219 803 4304 ferendis
819 4247 892 4332 par
904 4213 982 4303 effe
997 4217 1132 4334 debet.
1259 4209 1267 4225 ’
1387 4311 1393 4324 ,
1769 4307 1773 4314 ,

228 4332 359 4418 Simile
407 4336 574 4420 uiddam
594 4331 807 4420 observare
830 4331 918 4432 est,
947 4333 1047 4421 srex
1066 4331 1249 4419 orbiculo
1275 4337 1340 4432 Ο,
1359 4337 1403 4417 in
1427 4333 1596 4421 clavo
1697 4399 1702 4404 -

175 4443 221 4526 M
245 4362 449 4560 suspenlo,
466 4447 579 4536 tirel
593 4450 708 4537 suurn
721 4477 842 4535 axem
855 4447 1056 4549 versatili,
1072 4449 1304 4562 dependeat
1320 4452 1480 4566 pondus
1504 4457 1544 4550 S,

174 4567 216 4644 δι
230 4555 412 4650 Potentia
425 4569 470 4649 in
492 4568 532 4658 R
561 4564 747 4652 deorsum
764 4593 910 4651 conata
933 4593 1055 4686 cogat
1076 4565 1235 4680 pondus
1251 4563 1541 4682 ‚Solcenderer
1597 4679 1599 4683 ,

174 4701 328 4765 eertum¹
345 4680 405 4768 est
417 4685 528 4770 enim
547 4682 598 4772 ab
613 4713 689 4771 axe
702 4679 910 4786 orbiculi,
935 4693 976 4770 &
995 4679 1018 4766 al
1038 4679 1153 4768 clavo
1182 4679 1229 4760 M
1258 4677 1438 4768 sustineri
1458 4709 1544 4764 non

1179 4796 1249 4884 Bb
