<?xml version="1.0" encoding="UTF-8"?>
<!DOCTYPE html PUBLIC "-//W3C//DTD XHTML 1.0 Transitional//EN"
    "http://www.w3.org/TR/xhtml1/DTD/xhtml1-transitional.dtd">
<html xmlns="http://www.w3.org/1999/xhtml" xml:lang="en" lang="en">
 <head>
  <title>
</title>
<meta http-equiv="Content-Type" content="text/html;charset=utf-8" />
  <meta name='ocr-system' content='tesseract 3.04.00' />
  <meta name='ocr-capabilities' content='ocr_page ocr_carea ocr_par ocr_line ocrx_word'/>
</head>
<body>
  <div class='ocr_page' id='page_1' title='image "./rppaulicasatipl00casagoog_0244.png"; bbox 0 0 3808 5262; ppageno 0'>
   <div class='ocr_carea' id='block_1_1' title="bbox 453 201 1557 393">
    <p class='ocr_par' dir='ltr' id='par_1_1' title="bbox 453 201 1557 393">
     <span class='ocr_line' id='line_1_1' title="bbox 453 201 1557 393; baseline -0.004 -45"><span class='ocrx_word' id='word_1_1' title='bbox 453 218 905 393; x_wconf 51' lang='lat' dir='ltr'>Libersecunduss</span> <span class='ocrx_word' id='word_1_2' title='bbox 934 221 1146 350; x_wconf 80' lang='lat' dir='ltr'>CAPuT</span> <span class='ocrx_word' id='word_1_3' title='bbox 1168 201 1238 352; x_wconf 89' lang='lat' dir='ltr'>X.</span> <span class='ocrx_word' id='word_1_4' title='bbox 1390 381 1393 390; x_wconf 19' lang='grc' dir='ltr'>Ι</span> <span class='ocrx_word' id='word_1_5' title='bbox 1439 275 1557 386; x_wconf 81' lang='lat'>219·</span> 
     </span>
    </p>
   </div>
   <div class='ocr_carea' id='block_1_2' title="bbox 158 377 1550 1449">
    <p class='ocr_par' dir='ltr' id='par_1_2' title="bbox 158 377 1550 1449">
     <span class='ocr_line' id='line_1_2' title="bbox 221 377 1546 516; baseline -0.013 -27"><span class='ocrx_word' id='word_1_6' title='bbox 221 399 354 515; x_wconf 79' lang='lat' dir='ltr'>Qtod</span> <span class='ocrx_word' id='word_1_7' title='bbox 376 397 555 486; x_wconf 82' lang='lat' dir='ltr'>siminor</span> <span class='ocrx_word' id='word_1_8' title='bbox 570 395 746 482; x_wconf 86' lang='lat' dir='ltr'>circulus</span> <span class='ocrx_word' id='word_1_9' title='bbox 767 393 925 480; x_wconf 83' lang='lat' dir='ltr'>insistat</span> <span class='ocrx_word' id='word_1_10' title='bbox 943 377 1121 512; x_wconf 71' lang='lat' dir='ltr'>subjeeio</span> <span class='ocrx_word' id='word_1_11' title='bbox 1138 397 1209 484; x_wconf 85' lang='lat' dir='ltr'>sibi</span> <span class='ocrx_word' id='word_1_12' title='bbox 1227 393 1370 516; x_wconf 52' lang='lat' dir='ltr'>planos</span> <span class='ocrx_word' id='word_1_13' title='bbox 1386 391 1546 512; x_wconf 74' lang='lat' dir='ltr'>legem.</span> 
     </span>
     <span class='ocr_line' id='line_1_3' title="bbox 158 515 1548 640; baseline 0 -33"><span class='ocrx_word' id='word_1_14' title='bbox 158 551 248 640; x_wconf 88' lang='lat' dir='ltr'>que</span> <span class='ocrx_word' id='word_1_15' title='bbox 261 521 335 606; x_wconf 87' lang='lat' dir='ltr'>det</span> <span class='ocrx_word' id='word_1_16' title='bbox 350 521 481 608; x_wconf 88' lang='lat' dir='ltr'>motui</span> <span class='ocrx_word' id='word_1_17' title='bbox 499 520 653 611; x_wconf 80' lang='lat' dir='ltr'>centri5</span> <span class='ocrx_word' id='word_1_18' title='bbox 675 519 772 634; x_wconf 90' lang='lat' dir='ltr'>quia</span> <span class='ocrx_word' id='word_1_19' title='bbox 791 518 925 598; x_wconf 89' lang='lat' dir='ltr'>minor</span> <span class='ocrx_word' id='word_1_20' title='bbox 942 515 1176 628; x_wconf 81' lang='lat' dir='ltr'>&#39;peripheria</span> <span class='ocrx_word' id='word_1_21' title='bbox 1194 515 1379 628; x_wconf 77' lang='lat' dir='ltr'>defigunt</span> <span class='ocrx_word' id='word_1_22' title='bbox 1397 521 1548 608; x_wconf 67' lang='lat' dir='ltr'>tellam</span> 
     </span>
     <span class='ocr_line' id='line_1_4' title="bbox 162 631 1549 753; baseline -0.002 -28"><span class='ocrx_word' id='word_1_23' title='bbox 162 643 240 725; x_wconf 81' lang='lat' dir='ltr'>fibi</span> <span class='ocrx_word' id='word_1_24' title='bbox 255 635 476 753; x_wconf 67' lang='lat' dir='ltr'>aequalem,</span> <span class='ocrx_word' id='word_1_25' title='bbox 494 665 555 720; x_wconf 90' lang='lat' dir='ltr'>res</span> <span class='ocrx_word' id='word_1_26' title='bbox 576 636 777 720; x_wconf 87' lang='lat' dir='ltr'>contrario</span> <span class='ocrx_word' id='word_1_27' title='bbox 797 631 921 715; x_wconf 90' lang='lat' dir='ltr'>modo</span> <span class='ocrx_word' id='word_1_28' title='bbox 939 632 1150 746; x_wconf 74' lang='lat' dir='ltr'>procedit,</span> <span class='ocrx_word' id='word_1_29' title='bbox 1166 637 1262 750; x_wconf 81' lang='lat' dir='ltr'>quia</span> <span class='ocrx_word' id='word_1_30' title='bbox 1278 631 1380 720; x_wconf 87' lang='lat' dir='ltr'>dum</span> <span class='ocrx_word' id='word_1_31' title='bbox 1398 636 1452 720; x_wconf 82' lang='lat' dir='ltr'>ad</span> <span class='ocrx_word' id='word_1_32' title='bbox 1466 641 1549 722; x_wconf 88' lang='lat' dir='ltr'>mi·</span> 
     </span>
     <span class='ocr_line' id='line_1_5' title="bbox 162 748 1547 865; baseline -0.002 -23"><span class='ocrx_word' id='word_1_33' title='bbox 162 761 276 842; x_wconf 91' lang='lat' dir='ltr'>notis</span> <span class='ocrx_word' id='word_1_34' title='bbox 294 751 437 838; x_wconf 89' lang='lat' dir='ltr'>circuli</span> <span class='ocrx_word' id='word_1_35' title='bbox 453 781 611 837; x_wconf 87' lang='lat' dir='ltr'>motum</span> <span class='ocrx_word' id='word_1_36' title='bbox 624 750 799 834; x_wconf 89' lang='lat' dir='ltr'>circulus</span> <span class='ocrx_word' id='word_1_37' title='bbox 815 750 944 861; x_wconf 87' lang='lat' dir='ltr'>major</span> <span class='ocrx_word' id='word_1_38' title='bbox 957 777 1167 850; x_wconf 84' lang='lat' dir='ltr'>movetur,</span> <span class='ocrx_word' id='word_1_39' title='bbox 1183 752 1306 865; x_wconf 84' lang='lat' dir='ltr'>hujus</span> <span class='ocrx_word' id='word_1_40' title='bbox 1320 748 1450 835; x_wconf 84' lang='lat' dir='ltr'>orbita</span> <span class='ocrx_word' id='word_1_41' title='bbox 1470 755 1547 839; x_wconf 84' lang='lat' dir='ltr'>de·</span> 
     </span>
     <span class='ocr_line' id='line_1_6' title="bbox 163 865 1545 984; baseline 0.001 -29"><span class='ocrx_word' id='word_1_42' title='bbox 163 873 299 984; x_wconf 75' lang='lat' dir='ltr'>{ignat</span> <span class='ocrx_word' id='word_1_43' title='bbox 327 873 372 952; x_wconf 89' lang='lat' dir='ltr'>in</span> <span class='ocrx_word' id='word_1_44' title='bbox 390 867 513 984; x_wconf 86' lang='lat' dir='ltr'>plano</span> <span class='ocrx_word' id='word_1_45' title='bbox 535 867 715 977; x_wconf 64' lang='lat' dir='ltr'>subjeeio</span> <span class='ocrx_word' id='word_1_46' title='bbox 737 865 887 950; x_wconf 83' lang='lat' dir='ltr'>lineam</span> <span class='ocrx_word' id='word_1_47' title='bbox 912 871 1060 949; x_wconf 86' lang='lat' dir='ltr'>minori</span> <span class='ocrx_word' id='word_1_48' title='bbox 1078 867 1318 981; x_wconf 84' lang='lat' dir='ltr'>peripheriae</span> <span class='ocrx_word' id='word_1_49' title='bbox 1338 868 1545 980; x_wconf 77' lang='lat' dir='ltr'>aequalem.</span> 
     </span>
     <span class='ocr_line' id='line_1_7' title="bbox 163 981 1547 1100; baseline -0.001 -29"><span class='ocrx_word' id='word_1_50' title='bbox 163 989 286 1071; x_wconf 84' lang='lat' dir='ltr'>Hinc</span> <span class='ocrx_word' id='word_1_51' title='bbox 301 985 328 1068; x_wconf 86' lang='lat' dir='ltr'>st</span> <span class='ocrx_word' id='word_1_52' title='bbox 345 1014 461 1070; x_wconf 85' lang='lat' dir='ltr'>arcus</span> <span class='ocrx_word' id='word_1_53' title='bbox 482 986 736 1096; x_wconf 80' lang='lat' dir='ltr'>Sldesrgnat</span> <span class='ocrx_word' id='word_1_54' title='bbox 752 986 899 1066; x_wconf 69' lang='lat' dir='ltr'>restam</span> <span class='ocrx_word' id='word_1_55' title='bbox 918 985 942 1064; x_wconf 89' lang='lat' dir='ltr'><strong>S</strong></span> <span class='ocrx_word' id='word_1_56' title='bbox 957 981 998 1064; x_wconf 90' lang='lat' dir='ltr'><strong>G</strong></span> <span class='ocrx_word' id='word_1_57' title='bbox 1018 981 1089 1068; x_wconf 83' lang='lat' dir='ltr'>sibi</span> <span class='ocrx_word' id='word_1_58' title='bbox 1108 983 1326 1100; x_wconf 65' lang='lat' dir='ltr'>aequalem,</span> <span class='ocrx_word' id='word_1_59' title='bbox 1344 983 1451 1070; x_wconf 87' lang='lat' dir='ltr'>ubil</span> <span class='ocrx_word' id='word_1_60' title='bbox 1472 1010 1547 1070; x_wconf 57' lang='lat' dir='ltr'>ve:</span> 
     </span>
     <span class='ocr_line' id='line_1_8' title="bbox 159 1099 1546 1218; baseline -0.004 -29"><span class='ocrx_word' id='word_1_61' title='bbox 159 1106 274 1188; x_wconf 87' lang='lat' dir='ltr'>nerit</span> <span class='ocrx_word' id='word_1_62' title='bbox 289 1107 332 1184; x_wconf 92' lang='lat' dir='ltr'>in</span> <span class='ocrx_word' id='word_1_63' title='bbox 351 1102 417 1199; x_wconf 89' lang='lat' dir='ltr'>G,</span> <span class='ocrx_word' id='word_1_64' title='bbox 435 1105 556 1186; x_wconf 88' lang='lat' dir='ltr'>etiam</span> <span class='ocrx_word' id='word_1_65' title='bbox 571 1103 614 1183; x_wconf 93' lang='lat' dir='ltr'>D</span> <span class='ocrx_word' id='word_1_66' title='bbox 632 1105 709 1183; x_wconf 88' lang='lat' dir='ltr'>erit</span> <span class='ocrx_word' id='word_1_67' title='bbox 726 1103 768 1181; x_wconf 92' lang='lat' dir='ltr'>in</span> <span class='ocrx_word' id='word_1_68' title='bbox 786 1100 858 1194; x_wconf 90' lang='lat' dir='ltr'>H,</span> <span class='ocrx_word' id='word_1_69' title='bbox 876 1125 999 1212; x_wconf 86' lang='lat' dir='ltr'>atque</span> <span class='ocrx_word' id='word_1_70' title='bbox 1014 1126 1121 1184; x_wconf 89' lang='lat' dir='ltr'>totus</span> <span class='ocrx_word' id='word_1_71' title='bbox 1136 1099 1352 1218; x_wconf 82' lang='lat' dir='ltr'>Qudrans</span> <span class='ocrx_word' id='word_1_72' title='bbox 1368 1103 1455 1186; x_wconf 93' lang='lat' dir='ltr'>BD</span> <span class='ocrx_word' id='word_1_73' title='bbox 1468 1103 1546 1185; x_wconf 57' lang='lat' dir='ltr'>dea</span> 
     </span>
     <span class='ocr_line' id='line_1_9' title="bbox 164 1213 1550 1332; baseline -0.003 -30"><span class='ocrx_word' id='word_1_74' title='bbox 164 1215 343 1332; x_wconf 72' lang='lat' dir='ltr'>signabit</span> <span class='ocrx_word' id='word_1_75' title='bbox 360 1213 488 1301; x_wconf 79' lang='lat' dir='ltr'>soldm</span> <span class='ocrx_word' id='word_1_76' title='bbox 515 1220 663 1300; x_wconf 73' lang='lat' dir='ltr'>renam</span> <span class='ocrx_word' id='word_1_77' title='bbox 691 1216 786 1298; x_wconf 83' lang='lat' dir='ltr'>BH</span> <span class='ocrx_word' id='word_1_78' title='bbox 812 1215 1145 1328; x_wconf 60' lang='lat' dir='ltr'>aequalem-rede</span> <span class='ocrx_word' id='word_1_79' title='bbox 1183 1216 1278 1300; x_wconf 76' lang='lat' dir='ltr'>SG.</span> <span class='ocrx_word' id='word_1_80' title='bbox 1320 1217 1406 1298; x_wconf 86' lang='lat' dir='ltr'>Erit</span> <span class='ocrx_word' id='word_1_81' title='bbox 1423 1221 1550 1332; x_wconf 85' lang='lat' dir='ltr'>igitur</span> 
     </span>
     <span class='ocr_line' id='line_1_10' title="bbox 165 1327 1550 1449; baseline 0 -31"><span class='ocrx_word' id='word_1_82' title='bbox 165 1339 276 1418; x_wconf 73' lang='lat' dir='ltr'>tetta</span> <span class='ocrx_word' id='word_1_83' title='bbox 307 1333 383 1417; x_wconf 87' lang='lat' dir='ltr'>SG</span> <span class='ocrx_word' id='word_1_84' title='bbox 406 1333 570 1449; x_wconf 78' lang='lat' dir='ltr'>aequalis</span> <span class='ocrx_word' id='word_1_85' title='bbox 598 1333 829 1444; x_wconf 82' lang='lat' dir='ltr'>Qadranti</span> <span class='ocrx_word' id='word_1_86' title='bbox 856 1331 910 1412; x_wconf 87' lang='lat' dir='ltr'>SI</span> <span class='ocrx_word' id='word_1_87' title='bbox 940 1341 965 1413; x_wconf 86' lang='lat'>6</span> <span class='ocrx_word' id='word_1_88' title='bbox 973 1334 1024 1447; x_wconf 70' lang='grc' dir='ltr'>ζ,</span> <span class='ocrx_word' id='word_1_89' title='bbox 1045 1335 1113 1416; x_wconf 87' lang='lat' dir='ltr'>cui</span> <span class='ocrx_word' id='word_1_90' title='bbox 1141 1335 1290 1448; x_wconf 82' lang='lat' dir='ltr'>pariter</span> <span class='ocrx_word' id='word_1_91' title='bbox 1308 1333 1471 1448; x_wconf 83' lang='lat' dir='ltr'>aeqnalis</span> <span class='ocrx_word' id='word_1_92' title='bbox 1487 1327 1550 1420; x_wconf 84' lang='lat' dir='ltr'>est</span> 
     </span>
    </p>
   </div>
   <div class='ocr_carea' id='block_1_3' title="bbox 164 1455 1583 3235">
    <p class='ocr_par' dir='ltr' id='par_1_3' title="bbox 164 1455 1583 3235">
     <span class='ocr_line' id='line_1_11' title="bbox 165 1455 1547 1586; baseline -0.002 -30"><span class='ocrx_word' id='word_1_93' title='bbox 165 1473 260 1556; x_wconf 90' lang='lat' dir='ltr'>BH</span> <span class='ocrx_word' id='word_1_94' title='bbox 276 1507 286 1552; x_wconf 74' lang='grc' dir='ltr'><strong><em>ε</em></strong></span> <span class='ocrx_word' id='word_1_95' title='bbox 310 1471 368 1555; x_wconf 85' lang='lat' dir='ltr'>Ex</span> <span class='ocrx_word' id='word_1_96' title='bbox 385 1501 468 1586; x_wconf 87' lang='lat' dir='ltr'>quo</span> <span class='ocrx_word' id='word_1_97' title='bbox 488 1469 535 1554; x_wconf 91' lang='lat' dir='ltr'>fit</span> <span class='ocrx_word' id='word_1_98' title='bbox 551 1471 748 1586; x_wconf 66' lang='lat' dir='ltr'>puncium</span> <span class='ocrx_word' id='word_1_99' title='bbox 762 1471 793 1550; x_wconf 90' lang='lat' dir='ltr'>B</span> <span class='ocrx_word' id='word_1_100' title='bbox 805 1526 816 1559; x_wconf 91' lang='lat'>,</span> <span class='ocrx_word' id='word_1_101' title='bbox 828 1467 923 1580; x_wconf 85' lang='lat' dir='ltr'>quia</span> <span class='ocrx_word' id='word_1_102' title='bbox 936 1459 1057 1548; x_wconf 88' lang='lat' dir='ltr'>distat</span> <span class='ocrx_word' id='word_1_103' title='bbox 1073 1455 1248 1545; x_wconf 73' lang='lat' dir='ltr'>dcentro</span> <span class='ocrx_word' id='word_1_104' title='bbox 1262 1465 1299 1548; x_wconf 89' lang='lat' dir='ltr'>C</span> <span class='ocrx_word' id='word_1_105' title='bbox 1314 1467 1547 1580; x_wconf 82' lang='lat' dir='ltr'>partibus7,</span> 
     </span>
     <span class='ocr_line' id='line_1_12' title="bbox 166 1573 1546 1700; baseline -0.01 -31"><span class='ocrx_word' id='word_1_106' title='bbox 166 1573 254 1669; x_wconf 79' lang='lat' dir='ltr'>non</span> <span class='ocrx_word' id='word_1_107' title='bbox 273 1583 402 1671; x_wconf 73' lang='lat' dir='ltr'>lulum</span> <span class='ocrx_word' id='word_1_108' title='bbox 424 1616 506 1670; x_wconf 90' lang='lat' dir='ltr'>non</span> <span class='ocrx_word' id='word_1_109' title='bbox 532 1587 752 1700; x_wconf 82' lang='lat' dir='ltr'>procedere</span> <span class='ocrx_word' id='word_1_110' title='bbox 765 1587 813 1665; x_wconf 88' lang='lat' dir='ltr'>in</span> <span class='ocrx_word' id='word_1_111' title='bbox 833 1575 1087 1664; x_wconf 82' lang='lat' dir='ltr'>revolutione</span> <span class='ocrx_word' id='word_1_112' title='bbox 1103 1579 1376 1694; x_wconf 77' lang='lat' dir='ltr'>Qadranti55</span> <span class='ocrx_word' id='word_1_113' title='bbox 1395 1580 1462 1670; x_wconf 85' lang='lat' dir='ltr'>sed</span> <span class='ocrx_word' id='word_1_114' title='bbox 1477 1602 1546 1670; x_wconf 79' lang='lat' dir='ltr'>re.</span> 
     </span>
     <span class='ocr_line' id='line_1_13' title="bbox 164 1697 1548 1820; baseline 0.001 -36"><span class='ocrx_word' id='word_1_115' title='bbox 164 1703 378 1786; x_wconf 86' lang='lat' dir='ltr'>trocedete</span> <span class='ocrx_word' id='word_1_116' title='bbox 398 1732 471 1818; x_wconf 89' lang='lat' dir='ltr'>per</span> <span class='ocrx_word' id='word_1_117' title='bbox 484 1701 696 1820; x_wconf 69' lang='lat' dir='ltr'>}interea,</span> <span class='ocrx_word' id='word_1_118' title='bbox 713 1701 813 1785; x_wconf 87' lang='lat' dir='ltr'>dum</span> <span class='ocrx_word' id='word_1_119' title='bbox 831 1721 1049 1816; x_wconf 86' lang='lat' dir='ltr'>commune</span> <span class='ocrx_word' id='word_1_120' title='bbox 1070 1721 1258 1778; x_wconf 88' lang='lat' dir='ltr'>centrum</span> <span class='ocrx_word' id='word_1_121' title='bbox 1269 1699 1314 1782; x_wconf 91' lang='lat' dir='ltr'>·C</span> <span class='ocrx_word' id='word_1_122' title='bbox 1330 1697 1548 1814; x_wconf 74' lang='lat' dir='ltr'>promore-</span> 
     </span>
     <span class='ocr_line' id='line_1_14' title="bbox 169 1821 1200 1947; baseline 0.003 -37"><span class='ocrx_word' id='word_1_123' title='bbox 169 1855 240 1912; x_wconf 88' lang='lat' dir='ltr'>tur</span> <span class='ocrx_word' id='word_1_124' title='bbox 253 1821 329 1944; x_wconf 75' lang='lat' dir='ltr'>p&#39;er</span> <span class='ocrx_word' id='word_1_125' title='bbox 345 1841 371 1913; x_wconf 89' lang='lat'>6</span> <span class='ocrx_word' id='word_1_126' title='bbox 379 1833 413 1947; x_wconf 66' lang='grc' dir='ltr'><em>ζ</em></span> <span class='ocrx_word' id='word_1_127' title='bbox 1195 1872 1200 1880; x_wconf 94' lang='lat'><em>·</em></span> 
     </span>
     <span class='ocr_line' id='line_1_15' title="bbox 227 1942 1549 2073; baseline -0.003 -28"><span class='ocrx_word' id='word_1_128' title='bbox 227 1962 331 2066; x_wconf 78' lang='lat' dir='ltr'>Non</span> <span class='ocrx_word' id='word_1_129' title='bbox 357 1955 527 2044; x_wconf 83' lang='lat' dir='ltr'>abfirnili</span> <span class='ocrx_word' id='word_1_130' title='bbox 553 1961 708 2042; x_wconf 81' lang='lat' dir='ltr'>ratione</span> <span class='ocrx_word' id='word_1_131' title='bbox 729 1959 974 2073; x_wconf 71' lang='lat' dir='ltr'>punstorum</span> <span class='ocrx_word' id='word_1_132' title='bbox 1004 1961 1066 2053; x_wconf 90' lang='lat' dir='ltr'>B,</span> <span class='ocrx_word' id='word_1_133' title='bbox 1092 1963 1134 2043; x_wconf 77' lang='grc' dir='ltr'>δι</span> <span class='ocrx_word' id='word_1_134' title='bbox 1164 1961 1189 2040; x_wconf 88' lang='lat' dir='ltr'>S</span> <span class='ocrx_word' id='word_1_135' title='bbox 1211 1955 1295 2070; x_wconf 83' lang='lat' dir='ltr'>jam</span> <span class='ocrx_word' id='word_1_136' title='bbox 1316 1961 1370 2044; x_wconf 86' lang='lat' dir='ltr'>in·</span> <span class='ocrx_word' id='word_1_137' title='bbox 1387 1942 1429 2044; x_wconf 69' lang='lat' dir='ltr'>t}</span> <span class='ocrx_word' id='word_1_138' title='bbox 1442 1971 1486 2050; x_wconf 88' lang='lat'>&amp;</span> <span class='ocrx_word' id='word_1_139' title='bbox 1507 1969 1549 2052; x_wconf 71' lang='lat' dir='ltr'>v</span> 
     </span>
     <span class='ocr_line' id='line_1_16' title="bbox 169 2069 1551 2202; baseline 0.001 -42"><span class='ocrx_word' id='word_1_140' title='bbox 169 2076 456 2160; x_wconf 84' lang='lat' dir='ltr'>transsatorum</span> <span class='ocrx_word' id='word_1_141' title='bbox 471 2099 605 2158; x_wconf 90' lang='lat' dir='ltr'>motus</span> <span class='ocrx_word' id='word_1_142' title='bbox 622 2083 695 2190; x_wconf 79' lang='lat' dir='ltr'>pe‘r</span> <span class='ocrx_word' id='word_1_143' title='bbox 714 2069 1009 2190; x_wconf 76' lang='lat' dir='ltr'>consequentes</span> <span class='ocrx_word' id='word_1_144' title='bbox 1031 2071 1171 2162; x_wconf 89' lang='lat' dir='ltr'>circuli</span> <span class='ocrx_word' id='word_1_145' title='bbox 1186 2073 1551 2202; x_wconf 61' lang='lat' dir='ltr'>Qadranteudo-</span> 
     </span>
     <span class='ocr_line' id='line_1_17' title="bbox 166 2187 1551 2311; baseline 0 -30"><span class='ocrx_word' id='word_1_146' title='bbox 166 2219 248 2282; x_wconf 83' lang='lat' dir='ltr'>uec</span> <span class='ocrx_word' id='word_1_147' title='bbox 273 2197 431 2304; x_wconf 84' lang='lat' dir='ltr'>integra</span> <span class='ocrx_word' id='word_1_148' title='bbox 453 2187 652 2274; x_wconf 86' lang='lat' dir='ltr'>revolutio</span> <span class='ocrx_word' id='word_1_149' title='bbox 679 2188 939 2302; x_wconf 82' lang='lat' dir='ltr'>perficiatur,</span> <span class='ocrx_word' id='word_1_150' title='bbox 954 2187 1267 2276; x_wconf 80' lang='lat' dir='ltr'>considerandus</span> <span class='ocrx_word' id='word_1_151' title='bbox 1289 2189 1376 2274; x_wconf 89' lang='lat' dir='ltr'>est:</span> <span class='ocrx_word' id='word_1_152' title='bbox 1401 2203 1443 2279; x_wconf 73' lang='grc' dir='ltr'>δι</span> <span class='ocrx_word' id='word_1_153' title='bbox 1460 2226 1551 2311; x_wconf 81' lang='lat' dir='ltr'>quae</span> 
     </span>
     <span class='ocr_line' id='line_1_18' title="bbox 165 2301 1551 2450; baseline 0.002 -58"><span class='ocrx_word' id='word_1_154' title='bbox 165 2307 223 2392; x_wconf 88' lang='lat' dir='ltr'>de</span> <span class='ocrx_word' id='word_1_155' title='bbox 242 2339 328 2393; x_wconf 91' lang='lat' dir='ltr'>uno</span> <span class='ocrx_word' id='word_1_156' title='bbox 353 2310 505 2424; x_wconf 68' lang='lat' dir='ltr'>pundo</span> <span class='ocrx_word' id='word_1_157' title='bbox 525 2301 725 2422; x_wconf 79' lang='lat' dir='ltr'>cujusque</span> <span class='ocrx_word' id='word_1_158' title='bbox 742 2306 882 2394; x_wconf 89' lang='lat' dir='ltr'>circuli</span> <span class='ocrx_word' id='word_1_159' title='bbox 898 2303 1289 2450; x_wconf 88' lang='lat' dir='ltr'>deprehenduntur,</span> <span class='ocrx_word' id='word_1_160' title='bbox 1309 2307 1361 2392; x_wconf 88' lang='lat' dir='ltr'>de</span> <span class='ocrx_word' id='word_1_161' title='bbox 1384 2309 1551 2428; x_wconf 61' lang='lat' dir='ltr'>singulis</span> 
     </span>
     <span class='ocr_line' id='line_1_19' title="bbox 166 2419 1552 2538; baseline 0.001 -32"><span class='ocrx_word' id='word_1_162' title='bbox 166 2421 351 2538; x_wconf 84' lang='lat' dir='ltr'>ejusdem</span> <span class='ocrx_word' id='word_1_163' title='bbox 366 2421 506 2508; x_wconf 87' lang='lat' dir='ltr'>orbitae</span> <span class='ocrx_word' id='word_1_164' title='bbox 534 2421 694 2536; x_wconf 70' lang='lat' dir='ltr'>punstis</span> <span class='ocrx_word' id='word_1_165' title='bbox 715 2422 825 2506; x_wconf 77' lang='lat' dir='ltr'>diua</span> <span class='ocrx_word' id='word_1_166' title='bbox 847 2419 1006 2506; x_wconf 84' lang='lat' dir='ltr'>facilius</span> <span class='ocrx_word' id='word_1_167' title='bbox 1028 2419 1336 2534; x_wconf 85' lang='lat' dir='ltr'>intelliguntur,</span> <span class='ocrx_word' id='word_1_168' title='bbox 1355 2419 1480 2538; x_wconf 79' lang='lat' dir='ltr'>qudtn</span> <span class='ocrx_word' id='word_1_169' title='bbox 1504 2455 1552 2512; x_wconf 88' lang='lat' dir='ltr'>ut</span> 
     </span>
     <span class='ocr_line' id='line_1_20' title="bbox 170 2537 1568 2656; baseline -0.005 -33"><span class='ocrx_word' id='word_1_170' title='bbox 170 2539 633 2655; x_wconf 88' lang='lat' dir='ltr'>uberioriexplicatione</span> <span class='ocrx_word' id='word_1_171' title='bbox 651 2569 751 2656; x_wconf 85' lang='lat' dir='ltr'>opus</span> <span class='ocrx_word' id='word_1_172' title='bbox 766 2537 825 2620; x_wconf 84' lang='lat' dir='ltr'>srt.</span> <span class='ocrx_word' id='word_1_173' title='bbox 1552 2561 1568 2576; x_wconf 79' lang='lat'><strong><em>‘</em></strong></span> 
     </span>
     <span class='ocr_line' id='line_1_21' title="bbox 229 2646 1552 2786; baseline 0.005 -47"><span class='ocrx_word' id='word_1_174' title='bbox 229 2659 293 2740; x_wconf 87' lang='lat' dir='ltr'>Ex</span> <span class='ocrx_word' id='word_1_175' title='bbox 309 2657 372 2740; x_wconf 86' lang='lat' dir='ltr'>his</span> <span class='ocrx_word' id='word_1_176' title='bbox 385 2653 524 2772; x_wconf 73' lang='lat' dir='ltr'>aperte</span> <span class='ocrx_word' id='word_1_177' title='bbox 536 2646 666 2770; x_wconf 78' lang='lat' dir='ltr'>liquet</span> <span class='ocrx_word' id='word_1_178' title='bbox 681 2685 771 2739; x_wconf 84' lang='lat' dir='ltr'>eam</span> <span class='ocrx_word' id='word_1_179' title='bbox 784 2653 934 2738; x_wconf 80' lang='lat' dir='ltr'>lineam</span> <span class='ocrx_word' id='word_1_180' title='bbox 946 2655 1097 2740; x_wconf 75' lang='lat' dir='ltr'>retiam</span> <span class='ocrx_word' id='word_1_181' title='bbox 1107 2655 1148 2738; x_wconf 91' lang='lat' dir='ltr'>in</span> <span class='ocrx_word' id='word_1_182' title='bbox 1162 2649 1340 2786; x_wconf 62' lang='lat' dir='ltr'>{ubjedio</span> <span class='ocrx_word' id='word_1_183' title='bbox 1350 2653 1552 2770; x_wconf 80' lang='lat' dir='ltr'>planude-</span> 
     </span>
     <span class='ocr_line' id='line_1_22' title="bbox 171 2767 1550 2890; baseline 0.001 -32"><span class='ocrx_word' id='word_1_184' title='bbox 171 2771 321 2888; x_wconf 85' lang='lat' dir='ltr'>stgnati</span> <span class='ocrx_word' id='word_1_185' title='bbox 344 2767 371 2855; x_wconf 75' lang='lat' dir='ltr'>d</span> <span class='ocrx_word' id='word_1_186' title='bbox 392 2770 622 2887; x_wconf 68' lang='lat' dir='ltr'>peripherizl</span> <span class='ocrx_word' id='word_1_187' title='bbox 649 2769 738 2858; x_wconf 76' lang='lat' dir='ltr'>tum</span> <span class='ocrx_word' id='word_1_188' title='bbox 760 2775 951 2886; x_wconf 73' lang='lat' dir='ltr'>majoris,</span> <span class='ocrx_word' id='word_1_189' title='bbox 978 2769 1067 2858; x_wconf 75' lang='lat' dir='ltr'>tum</span> <span class='ocrx_word' id='word_1_190' title='bbox 1082 2773 1250 2854; x_wconf 87' lang='lat' dir='ltr'>minoris</span> <span class='ocrx_word' id='word_1_191' title='bbox 1267 2772 1437 2873; x_wconf 89' lang='lat' dir='ltr'>circuli,</span> <span class='ocrx_word' id='word_1_192' title='bbox 1459 2805 1550 2890; x_wconf 82' lang='lat' dir='ltr'>quae</span> 
     </span>
     <span class='ocr_line' id='line_1_23' title="bbox 171 2885 1559 3006; baseline 0.005 -35"><span class='ocrx_word' id='word_1_193' title='bbox 171 2886 339 3006; x_wconf 82' lang='lat' dir='ltr'>aequalis</span> <span class='ocrx_word' id='word_1_194' title='bbox 359 2889 407 2972; x_wconf 87' lang='lat' dir='ltr'>fit</span> <span class='ocrx_word' id='word_1_195' title='bbox 421 2891 548 2972; x_wconf 88' lang='lat' dir='ltr'>motui</span> <span class='ocrx_word' id='word_1_196' title='bbox 568 2891 718 2987; x_wconf 84' lang='lat' dir='ltr'>centri,</span> <span class='ocrx_word' id='word_1_197' title='bbox 735 2915 856 3004; x_wconf 90' lang='lat' dir='ltr'>prout</span> <span class='ocrx_word' id='word_1_198' title='bbox 876 2885 942 2972; x_wconf 87' lang='lat' dir='ltr'>ille</span> <span class='ocrx_word' id='word_1_199' title='bbox 956 2886 1090 3002; x_wconf 86' lang='lat' dir='ltr'>legem</span> <span class='ocrx_word' id='word_1_200' title='bbox 1104 2889 1253 3002; x_wconf 86' lang='lat' dir='ltr'>accipit</span> <span class='ocrx_word' id='word_1_201' title='bbox 1274 2885 1464 3002; x_wconf 74' lang='lat' dir='ltr'>dmajore</span> <span class='ocrx_word' id='word_1_202' title='bbox 1479 2911 1559 2980; x_wconf 80' lang='lat' dir='ltr'>aut·</span> 
     </span>
     <span class='ocr_line' id='line_1_24' title="bbox 172 3001 1553 3120; baseline 0.005 -32"><span class='ocrx_word' id='word_1_203' title='bbox 172 3001 199 3088; x_wconf 74' lang='lat' dir='ltr'>d</span> <span class='ocrx_word' id='word_1_204' title='bbox 222 3009 379 3088; x_wconf 90' lang='lat' dir='ltr'>minore</span> <span class='ocrx_word' id='word_1_205' title='bbox 400 3002 531 3089; x_wconf 65' lang='lat' dir='ltr'>orbiti</span> <span class='ocrx_word' id='word_1_206' title='bbox 546 3065 557 3102; x_wconf 92' lang='lat'>‚</span> <span class='ocrx_word' id='word_1_207' title='bbox 573 3004 626 3090; x_wconf 83' lang='lat' dir='ltr'>ad</span> <span class='ocrx_word' id='word_1_208' title='bbox 646 3007 764 3118; x_wconf 84' lang='lat' dir='ltr'>cujus</span> <span class='ocrx_word' id='word_1_209' title='bbox 778 3030 937 3088; x_wconf 86' lang='lat' dir='ltr'>motum</span> <span class='ocrx_word' id='word_1_210' title='bbox 952 3003 1075 3087; x_wconf 83' lang='lat' dir='ltr'>altera</span> <span class='ocrx_word' id='word_1_211' title='bbox 1090 3031 1279 3086; x_wconf 89' lang='lat' dir='ltr'>movetur</span> <span class='ocrx_word' id='word_1_212' title='bbox 1288 3039 1300 3098; x_wconf 74' lang='grc' dir='ltr'>ς</span> <span class='ocrx_word' id='word_1_213' title='bbox 1316 3033 1363 3088; x_wconf 87' lang='lat' dir='ltr'>ae</span> <span class='ocrx_word' id='word_1_214' title='bbox 1379 3011 1553 3120; x_wconf 79' lang='lat' dir='ltr'>proinde</span> 
     </span>
     <span class='ocr_line' id='line_1_25' title="bbox 170 3115 1583 3235; baseline 0.002 -29"><span class='ocrx_word' id='word_1_215' title='bbox 170 3115 301 3206; x_wconf 79' lang='lat' dir='ltr'>modd</span> <span class='ocrx_word' id='word_1_216' title='bbox 317 3119 515 3232; x_wconf 74' lang='lat' dir='ltr'>longiori,</span> <span class='ocrx_word' id='word_1_217' title='bbox 529 3118 656 3206; x_wconf 82' lang='lat' dir='ltr'>modd</span> <span class='ocrx_word' id='word_1_218' title='bbox 671 3119 845 3207; x_wconf 85' lang='lat' dir='ltr'>breviori</span> <span class='ocrx_word' id='word_1_219' title='bbox 862 3118 977 3218; x_wconf 82' lang='lat' dir='ltr'>lineae</span> <span class='ocrx_word' id='word_1_220' title='bbox 993 3121 1108 3202; x_wconf 65' lang='grc' dir='ltr'>κάκ</span> <span class='ocrx_word' id='word_1_221' title='bbox 1120 3121 1164 3201; x_wconf 89' lang='lat' dir='ltr'>in</span> <span class='ocrx_word' id='word_1_222' title='bbox 1178 3149 1293 3205; x_wconf 87' lang='lat' dir='ltr'>motu</span> <span class='ocrx_word' id='word_1_223' title='bbox 1311 3149 1553 3235; x_wconf 82' lang='lat' dir='ltr'>coaptantur</span> <span class='ocrx_word' id='word_1_224' title='bbox 1579 3208 1583 3218; x_wconf 86' lang='grc'><strong>,</strong></span> 
     </span>
    </p>
   </div>
   <div class='ocr_carea' id='block_1_4' title="bbox 170 3220 1681 3462">
    <p class='ocr_par' dir='ltr' id='par_1_4' title="bbox 170 3220 1681 3462">
     <span class='ocr_line' id='line_1_26' title="bbox 170 3220 1681 3352; baseline -0.001 -30"><span class='ocrx_word' id='word_1_225' title='bbox 170 3235 301 3322; x_wconf 81' lang='lat' dir='ltr'>ambae</span> <span class='ocrx_word' id='word_1_226' title='bbox 347 3235 585 3352; x_wconf 72' lang='lat' dir='ltr'>eripheriae5</span> <span class='ocrx_word' id='word_1_227' title='bbox 606 3263 651 3318; x_wconf 90' lang='lat' dir='ltr'>ut</span> <span class='ocrx_word' id='word_1_228' title='bbox 675 3239 787 3320; x_wconf 87' lang='lat' dir='ltr'>enirn</span> <span class='ocrx_word' id='word_1_229' title='bbox 809 3220 918 3320; x_wconf 67' lang='lat' dir='ltr'>recle</span> <span class='ocrx_word' id='word_1_230' title='bbox 936 3231 1118 3350; x_wconf 85' lang='lat' dir='ltr'>loquitur</span> <span class='ocrx_word' id='word_1_231' title='bbox 1135 3233 1374 3326; x_wconf 80' lang='lat' dir='ltr'>Aristoteles</span> <span class='ocrx_word' id='word_1_232' title='bbox 1392 3237 1549 3324; x_wconf 74' lang='lat' dir='ltr'>loccit.</span> <span class='ocrx_word' id='word_1_233' title='bbox 1658 3287 1681 3310; x_wconf 77' lang='lat'>·.</span> 
     </span>
     <span class='ocr_line' id='line_1_27' title="bbox 220 3343 1549 3462; baseline -0.001 -35"><span class='ocrx_word' id='word_1_234' title='bbox 220 3379 294 3430; x_wconf 82' lang='lat' dir='ltr'>uan</span> <span class='ocrx_word' id='word_1_235' title='bbox 325 3347 416 3429; x_wconf 80' lang='lat' dir='ltr'>obit</span> <span class='ocrx_word' id='word_1_236' title='bbox 436 3347 585 3458; x_wconf 78' lang='lat' dir='ltr'>quidem</span> <span class='ocrx_word' id='word_1_237' title='bbox 604 3349 822 3437; x_wconf 56' lang='lat' dir='ltr'>moveram</span> <span class='ocrx_word' id='word_1_238' title='bbox 837 3345 925 3428; x_wconf 72' lang='lat' dir='ltr'>veri</span> <span class='ocrx_word' id='word_1_239' title='bbox 939 3343 1169 3428; x_wconf 77' lang='lat' dir='ltr'>moverurab</span> <span class='ocrx_word' id='word_1_240' title='bbox 1184 3345 1265 3456; x_wconf 79' lang='lat' dir='ltr'>isto,</span> <span class='ocrx_word' id='word_1_241' title='bbox 1285 3359 1549 3462; x_wconf 75' lang='lat' dir='ltr'>quantumuti.</span> 
     </span>
    </p>
   </div>
   <div class='ocr_carea' id='block_1_5' title="bbox 152 3462 1651 4847">
    <p class='ocr_par' dir='ltr' id='par_1_5' title="bbox 152 3462 1651 4847">
     <span class='ocr_line' id='line_1_28' title="bbox 172 3462 1088 3580; baseline -0.005 -32"><span class='ocrx_word' id='word_1_242' title='bbox 172 3493 245 3580; x_wconf 79' lang='lat' dir='ltr'>que</span> <span class='ocrx_word' id='word_1_243' title='bbox 259 3471 415 3548; x_wconf 79' lang='lat' dir='ltr'>moverit</span> <span class='ocrx_word' id='word_1_244' title='bbox 429 3469 553 3564; x_wconf 80' lang='lat' dir='ltr'>alter,</span> <span class='ocrx_word' id='word_1_245' title='bbox 571 3485 715 3545; x_wconf 81' lang='lat' dir='ltr'>tantum</span> <span class='ocrx_word' id='word_1_246' title='bbox 734 3469 832 3548; x_wconf 79' lang='lat' dir='ltr'>alter</span> <span class='ocrx_word' id='word_1_247' title='bbox 847 3462 1060 3550; x_wconf 71' lang='lat' dir='ltr'>movebitur.</span> <span class='ocrx_word' id='word_1_248' title='bbox 1079 3469 1088 3483; x_wconf 85' lang='grc'><strong>“</strong></span> 
     </span>
     <span class='ocr_line' id='line_1_29' title="bbox 234 3579 1651 3706; baseline 0.002 -32"><span class='ocrx_word' id='word_1_249' title='bbox 234 3589 324 3674; x_wconf 90' lang='lat' dir='ltr'>Cur</span> <span class='ocrx_word' id='word_1_250' title='bbox 345 3587 471 3698; x_wconf 86' lang='lat' dir='ltr'>igitur</span> <span class='ocrx_word' id='word_1_251' title='bbox 491 3613 630 3699; x_wconf 85' lang='lat' dir='ltr'>parem</span> <span class='ocrx_word' id='word_1_252' title='bbox 646 3581 798 3685; x_wconf 74' lang='lat' dir='ltr'>lineam</span> <span class='ocrx_word' id='word_1_253' title='bbox 822 3588 969 3668; x_wconf 78' lang='lat' dir='ltr'>reuam</span> <span class='ocrx_word' id='word_1_254' title='bbox 983 3583 1168 3696; x_wconf 81' lang='lat' dir='ltr'>designat</span> <span class='ocrx_word' id='word_1_255' title='bbox 1182 3587 1225 3679; x_wconf 80' lang='lat' dir='ltr'>iu</span> <span class='ocrx_word' id='word_1_256' title='bbox 1243 3579 1364 3700; x_wconf 86' lang='lat' dir='ltr'>plano</span> <span class='ocrx_word' id='word_1_257' title='bbox 1381 3615 1554 3706; x_wconf 80' lang='lat' dir='ltr'>utraque</span> <span class='ocrx_word' id='word_1_258' title='bbox 1648 3687 1651 3694; x_wconf 48' lang='grc'><em>,</em></span> 
     </span>
     <span class='ocr_line' id='line_1_30' title="bbox 173 3697 1552 3816; baseline -0.004 -26"><span class='ocrx_word' id='word_1_259' title='bbox 173 3703 307 3790; x_wconf 83' lang='lat' dir='ltr'>orbita</span> <span class='ocrx_word' id='word_1_260' title='bbox 331 3703 459 3814; x_wconf 86' lang='lat' dir='ltr'>major</span> <span class='ocrx_word' id='word_1_261' title='bbox 481 3713 522 3788; x_wconf 70' lang='grc' dir='ltr'>ὅ(</span> <span class='ocrx_word' id='word_1_262' title='bbox 543 3703 679 3786; x_wconf 88' lang='lat' dir='ltr'>minor</span> <span class='ocrx_word' id='word_1_263' title='bbox 701 3724 716 3784; x_wconf 73' lang='lat' dir='ltr'>t</span> <span class='ocrx_word' id='word_1_264' title='bbox 745 3697 903 3786; x_wconf 83' lang='lat' dir='ltr'>constat</span> <span class='ocrx_word' id='word_1_265' title='bbox 920 3731 971 3784; x_wconf 87' lang='lat' dir='ltr'>ex</span> <span class='ocrx_word' id='word_1_266' title='bbox 985 3701 1101 3786; x_wconf 75' lang='lat' dir='ltr'>diuis</span> <span class='ocrx_word' id='word_1_267' title='bbox 1122 3736 1133 3782; x_wconf 79' lang='lat' dir='ltr'>t</span> <span class='ocrx_word' id='word_1_268' title='bbox 1155 3705 1250 3816; x_wconf 83' lang='lat' dir='ltr'>quia</span> <span class='ocrx_word' id='word_1_269' title='bbox 1265 3706 1458 3791; x_wconf 89' lang='lat' dir='ltr'>nimirum</span> <span class='ocrx_word' id='word_1_270' title='bbox 1475 3737 1552 3791; x_wconf 89' lang='lat' dir='ltr'>cu.</span> 
     </span>
     <span class='ocr_line' id='line_1_31' title="bbox 168 3813 1557 3936; baseline 0.001 -30"><span class='ocrx_word' id='word_1_271' title='bbox 168 3818 337 3936; x_wconf 84' lang='lat' dir='ltr'>jussibet</span> <span class='ocrx_word' id='word_1_272' title='bbox 350 3814 492 3900; x_wconf 86' lang='lat' dir='ltr'>circuli</span> <span class='ocrx_word' id='word_1_273' title='bbox 507 3813 720 3932; x_wconf 88' lang='lat' dir='ltr'>quodlibet</span> <span class='ocrx_word' id='word_1_274' title='bbox 732 3821 931 3930; x_wconf 73' lang='lat' dir='ltr'>punelum</span> <span class='ocrx_word' id='word_1_275' title='bbox 945 3817 1046 3902; x_wconf 88' lang='lat' dir='ltr'>dum</span> <span class='ocrx_word' id='word_1_276' title='bbox 1062 3815 1237 3904; x_wconf 83' lang='lat' dir='ltr'>trahitur</span> <span class='ocrx_word' id='word_1_277' title='bbox 1251 3815 1389 3920; x_wconf 81' lang='lat' dir='ltr'>simul,</span> <span class='ocrx_word' id='word_1_278' title='bbox 1404 3833 1447 3908; x_wconf 74' lang='grc' dir='ltr'>ὃ(</span> <span class='ocrx_word' id='word_1_279' title='bbox 1464 3821 1557 3924; x_wconf 67' lang='lat' dir='ltr'>iol-z</span> 
     </span>
     <span class='ocr_line' id='line_1_32' title="bbox 175 3929 1553 4052; baseline -0.005 -27"><span class='ocrx_word' id='word_1_280' title='bbox 175 3945 283 4026; x_wconf 89' lang='lat' dir='ltr'>vitur</span> <span class='ocrx_word' id='word_1_281' title='bbox 297 3997 310 4036; x_wconf 87' lang='lat'>,</span> <span class='ocrx_word' id='word_1_282' title='bbox 325 3963 586 4050; x_wconf 85' lang='lat' dir='ltr'>promovetur</span> <span class='ocrx_word' id='word_1_283' title='bbox 595 3963 680 4018; x_wconf 90' lang='lat' dir='ltr'>non</span> <span class='ocrx_word' id='word_1_284' title='bbox 697 3933 770 4018; x_wconf 84' lang='lat' dir='ltr'>nisi</span> <span class='ocrx_word' id='word_1_285' title='bbox 790 3963 864 4052; x_wconf 83' lang='lat' dir='ltr'>pro</span> <span class='ocrx_word' id='word_1_286' title='bbox 880 3935 1034 4020; x_wconf 81' lang='lat' dir='ltr'>ratione</span> <span class='ocrx_word' id='word_1_287' title='bbox 1053 3929 1351 4049; x_wconf 32' lang='lat' dir='ltr'>motlrs&#39;centri:</span> <span class='ocrx_word' id='word_1_288' title='bbox 1370 3933 1437 4022; x_wconf 83' lang='lat' dir='ltr'>sed</span> <span class='ocrx_word' id='word_1_289' title='bbox 1448 3967 1553 4027; x_wconf 61' lang='lat' dir='ltr'>con«</span> 
     </span>
     <span class='ocr_line' id='line_1_33' title="bbox 173 4043 1554 4166; baseline -0.001 -26"><span class='ocrx_word' id='word_1_290' title='bbox 173 4057 449 4144; x_wconf 87' lang='lat' dir='ltr'>centricorum</span> <span class='ocrx_word' id='word_1_291' title='bbox 460 4047 707 4136; x_wconf 88' lang='lat' dir='ltr'>circulorum</span> <span class='ocrx_word' id='word_1_292' title='bbox 724 4082 853 4136; x_wconf 88' lang='lat' dir='ltr'>unum</span> <span class='ocrx_word' id='word_1_293' title='bbox 870 4061 913 4138; x_wconf 77' lang='grc' dir='ltr'>δι</span> <span class='ocrx_word' id='word_1_294' title='bbox 925 4043 1107 4136; x_wconf 70' lang='grc' dir='ltr'>ὶάἐωείὶ</span> <span class='ocrx_word' id='word_1_295' title='bbox 1120 4079 1308 4136; x_wconf 80' lang='lat' dir='ltr'>centrum</span> <span class='ocrx_word' id='word_1_296' title='bbox 1321 4083 1333 4146; x_wconf 71' lang='grc' dir='ltr'><strong>ς</strong></span> <span class='ocrx_word' id='word_1_297' title='bbox 1345 4081 1446 4166; x_wconf 84' lang='lat' dir='ltr'>ergo</span> <span class='ocrx_word' id='word_1_298' title='bbox 1457 4057 1554 4141; x_wconf 84' lang='lat' dir='ltr'>uni·</span> 
     </span>
     <span class='ocr_line' id='line_1_34' title="bbox 175 4165 1570 4281; baseline -0.001 -22"><span class='ocrx_word' id='word_1_299' title='bbox 175 4205 247 4259; x_wconf 87' lang='lat' dir='ltr'>cus</span> <span class='ocrx_word' id='word_1_300' title='bbox 266 4166 326 4254; x_wconf 91' lang='lat' dir='ltr'>est</span> <span class='ocrx_word' id='word_1_301' title='bbox 345 4170 474 4252; x_wconf 88' lang='lat' dir='ltr'>centri</span> <span class='ocrx_word' id='word_1_302' title='bbox 487 4195 647 4266; x_wconf 88' lang='lat' dir='ltr'>motus,</span> <span class='ocrx_word' id='word_1_303' title='bbox 670 4177 712 4254; x_wconf 87' lang='lat'>&amp;</span> <span class='ocrx_word' id='word_1_304' title='bbox 724 4165 952 4264; x_wconf 72' lang='lat' dir='ltr'>secundum</span> <span class='ocrx_word' id='word_1_305' title='bbox 972 4197 1096 4252; x_wconf 82' lang='lat' dir='ltr'>unam</span> <span class='ocrx_word' id='word_1_306' title='bbox 1112 4167 1368 4281; x_wconf 84' lang='lat' dir='ltr'>eandemque</span> <span class='ocrx_word' id='word_1_307' title='bbox 1386 4165 1570 4256; x_wconf 63' lang='lat' dir='ltr'>mensu·</span> 
     </span>
     <span class='ocr_line' id='line_1_35' title="bbox 175 4279 1595 4400; baseline 0.001 -25"><span class='ocrx_word' id='word_1_308' title='bbox 175 4321 262 4374; x_wconf 85' lang='lat' dir='ltr'>rarn</span> <span class='ocrx_word' id='word_1_309' title='bbox 273 4279 410 4370; x_wconf 75' lang='lat' dir='ltr'>motus</span> <span class='ocrx_word' id='word_1_310' title='bbox 422 4287 551 4366; x_wconf 89' lang='lat' dir='ltr'>centri</span> <span class='ocrx_word' id='word_1_311' title='bbox 567 4288 730 4384; x_wconf 83' lang='lat' dir='ltr'>‚omnia</span> <span class='ocrx_word' id='word_1_312' title='bbox 745 4287 895 4399; x_wconf 70' lang='lat' dir='ltr'>puntia</span> <span class='ocrx_word' id='word_1_313' title='bbox 910 4281 998 4372; x_wconf 80' lang='lat' dir='ltr'>tlun</span> <span class='ocrx_word' id='word_1_314' title='bbox 1009 4287 1192 4400; x_wconf 85' lang='lat' dir='ltr'>majoris,</span> <span class='ocrx_word' id='word_1_315' title='bbox 1208 4281 1296 4367; x_wconf 80' lang='lat' dir='ltr'>tlttn</span> <span class='ocrx_word' id='word_1_316' title='bbox 1309 4289 1475 4374; x_wconf 81' lang='lat' dir='ltr'>minoris</span> <span class='ocrx_word' id='word_1_317' title='bbox 1487 4321 1555 4376; x_wconf 89' lang='lat' dir='ltr'>ot·</span> <span class='ocrx_word' id='word_1_318' title='bbox 1591 4385 1595 4396; x_wconf 52' lang='grc'><strong>,</strong></span> 
     </span>
     <span class='ocr_line' id='line_1_36' title="bbox 173 4395 1556 4518; baseline -0.007 -25"><span class='ocrx_word' id='word_1_319' title='bbox 173 4405 269 4493; x_wconf 84' lang='lat' dir='ltr'>bitae</span> <span class='ocrx_word' id='word_1_320' title='bbox 281 4465 293 4504; x_wconf 88' lang='lat'>‚</span> <span class='ocrx_word' id='word_1_321' title='bbox 305 4403 471 4490; x_wconf 83' lang='lat' dir='ltr'>demum</span> <span class='ocrx_word' id='word_1_322' title='bbox 485 4395 667 4489; x_wconf 66' lang='lat' dir='ltr'>absoluti</span> <span class='ocrx_word' id='word_1_323' title='bbox 684 4401 968 4500; x_wconf 80' lang='lat' dir='ltr'>conversione,</span> <span class='ocrx_word' id='word_1_324' title='bbox 981 4429 1164 4518; x_wconf 79' lang='lat' dir='ltr'>promota</span> <span class='ocrx_word' id='word_1_325' title='bbox 1175 4396 1265 4482; x_wconf 83' lang='lat' dir='ltr'>sunt</span> <span class='ocrx_word' id='word_1_326' title='bbox 1276 4432 1289 4493; x_wconf 78' lang='lat'>3</span> <span class='ocrx_word' id='word_1_327' title='bbox 1302 4399 1556 4516; x_wconf 69' lang='lat' dir='ltr'>ungulorum</span> 
     </span>
     <span class='ocr_line' id='line_1_37' title="bbox 152 4512 1555 4718; baseline -0.002 -108"><span class='ocrx_word' id='word_1_328' title='bbox 152 4527 287 4610; x_wconf 76' lang='lat' dir='ltr'>&#39;enim</span> <span class='ocrx_word' id='word_1_329' title='bbox 316 4523 611 4618; x_wconf 78' lang='lat' dir='ltr'>incrementa,</span> <span class='ocrx_word' id='word_1_330' title='bbox 646 4515 747 4604; x_wconf 88' lang='lat' dir='ltr'>dum</span> <span class='ocrx_word' id='word_1_331' title='bbox 776 4512 1020 4640; x_wconf 88' lang='lat' dir='ltr'>superiorem</span> <span class='ocrx_word' id='word_1_332' title='bbox 1050 4513 1418 4718; x_wconf 56' lang='lat' dir='ltr'>semiperipheriam</span> <span class='ocrx_word' id='word_1_333' title='bbox 1435 4551 1555 4628; x_wconf 75' lang='lat' dir='ltr'>motu</span> 
     </span>
     <span class='ocr_line' id='line_1_38' title="bbox 172 4629 1560 4839; baseline -0.007 -107"><span class='ocrx_word' id='word_1_334' title='bbox 172 4635 435 4736; x_wconf 75' lang='lat' dir='ltr'>describunt,</span> <span class='ocrx_word' id='word_1_335' title='bbox 450 4631 501 4720; x_wconf 82' lang='lat' dir='ltr'>ab</span> <span class='ocrx_word' id='word_1_336' title='bbox 516 4633 990 4756; x_wconf 79' lang='lat' dir='ltr'>oppofitisdecremenris</span> <span class='ocrx_word' id='word_1_337' title='bbox 1005 4629 1216 4839; x_wconf 60' lang='lat' dir='ltr'>elissiqm</span> <span class='ocrx_word' id='word_1_338' title='bbox 1235 4636 1372 4748; x_wconf 65' lang='lat' dir='ltr'>prioris</span> <span class='ocrx_word' id='word_1_339' title='bbox 1386 4635 1560 4756; x_wconf 61' lang='lat' dir='ltr'>sculpe,¹</span> 
     </span>
     <span class='ocr_line' id='line_1_39' title="bbox 551 4777 1514 4847; baseline 0.009 -9"><span class='ocrx_word' id='word_1_340' title='bbox 551 4805 558 4824; x_wconf 44' lang='grc' dir='ltr'>κ</span> <span class='ocrx_word' id='word_1_341' title='bbox 619 4777 623 4790; x_wconf 89' lang='grc'><strong>’</strong></span> <span class='ocrx_word' id='word_1_342' title='bbox 1192 4780 1216 4838; x_wconf 91' lang='lat' dir='ltr'>e</span> <span class='ocrx_word' id='word_1_343' title='bbox 1260 4785 1283 4841; x_wconf 88' lang='lat'>2</span> <span class='ocrx_word' id='word_1_344' title='bbox 1511 4841 1514 4847; x_wconf 80' lang='lat'><em>.</em></span> 
     </span>
    </p>
   </div>
   <div class='ocr_carea' id='block_1_6' title="bbox 0 0 1920 5262">
    <p class='ocr_par' dir='ltr' id='par_1_6' title="bbox 0 0 1920 5262">
     <span class='ocr_line' id='line_1_40' title="bbox 0 0 1920 5262; baseline 0 0"><span class='ocrx_word' id='word_1_345' title='bbox 0 0 1920 5262; x_wconf 95' lang='lat' dir='ltr'> </span> 
     </span>
    </p>
   </div>
  </div>
 </body>
</html>
