3818 5264
367 209 370 216 v
449 259 605 380 Liber
605 259 873 419 stcundns.
909 272 1120 384 CAPuT
1153 189 1256 381 IV}
1443 283 1509 386 16
1519 321 1536 388 t

158 427 281 518 fuerit
295 491 308 530 ‚
322 427 465 514 adhuc
480 432 702 513 contrarios
720 457 854 513 motus
871 425 1093 526 conantur,
1113 461 1197 514 non
1219 425 1262 516 'se
1279 458 1414 518 tamen
1434 441 1543 525 invi-
1663 450 1667 458 ’

161 577 252 632 cern
268 573 450 658 urgent,
480 541 547 630 sed
577 545 738 629 viciffim
758 547 998 646 retrahunt,
1026 546 1209 662 quandiit
1231 549 1441 638 vinculum
1458 586 1544 640 non

164 659 405 760 revellatur,
433 687 504 744 aut
534 689 752 776 rumpatur.
799 661 886 745 Hic
920 657 1020 748 verit
1058 660 1293 747 subdubitet
1323 664 1542 782 quispiam,

163 778 301 864 utritm
330 803 535 891 corpora,
563 806 652 892 quae
681 775 1396 878 contrario-nisureluuantur,s1bi
1424 785 1543 871 vicis-

159 895 234 978 ·srm
252 898 454 1008 impetum
478 897 713 1006 imprimant
727 954 738 992 ,
752 923 828 978 nec
845 924 920 992 ne,
940 923 1010 978 aut
1022 894 1218 1010 aequalem
1237 957 1249 994 ,
1275 896 1302 978 st
1319 925 1432 1010 pares
1449 901 1543 986 fue-

162 1017 243 1093 rint
256 1013 361 1092 vires
377 1069 389 1104 ,
407 1037 478 1090 attt
496 1069 507 1104 ,
533 1010 560 1090 ri
577 1013 769 1123 impares,
791 1009 1030 1126 inequalem
1048 1048 1057 1091 ε
1079 1011 1259 1126 Qando
1275 1017 1387 1098 enim
1410 1013 1463 1100 ob
1479 1023 1544 1102 vi-

163 1129 268 1208 n'um
297 1121 568 1240 aequalitatem
599 1152 817 1242 utrumque
843 1153 986 1239 corpus
1011 1125 1225 1225 confistit,
1255 1127 1400 1214 eodem
1425 1137 1543 1246 patio

162 1245 276 1356 quies
292 1237 497 1355 sequitur,
515 1237 542 1320 st
562 1242 887 1354 unumquodque
901 1245 1010 1324 {uam
1025 1245 1334 1352 gravitationem
1349 1275 1419 1330 aut
1438 1245 1542 1335 levi·

162 1361 359 1440 tationem
374 1351 531 1438 servans
544 1353 647 1438 nihil
658 1353 773 1438 alteri
789 1360 1003 1470 imprimat,
1018 1387 1066 1439 ac
1081 1356 1107 1438 st
1124 1355 1259 1467 lignea
1274 1358 1420 1446 tabella
1437 1362 1542 1450 levi-

160 1501 250 1556 tans
263 1498 419 1587 partem
432 1467 606 1584 impetits
624 1465 774 1554 sursut'n
793 1473 934 1556 diree‘ii
956 1471 1138 1556 conferat
1150 1471 1336 1586 imposito
1353 1473 1474 1592 lapidi
1489 1542 1500 1580 ‚
1518 1479 1543 1568 ὲ
1606 1569 1608 1574 .

163 1619 246 1702 quo
270 1590 502 1702 gravitante-
522 1586 689 1669 viciffrm
707 1593 876 1702 recipiat
896 1587 1150 1671 tantumdem
1168 1586 1339 1702 impetiu
1355 1593 1543 1684 deorsum

161 1705 303 1788 directi
319 1735 330 1796 ι
347 1733 397 1786 ex
417 1723 506 1818 quo¹
519 1701 615 1798 frat,
637 1731 683 1784 ut
695 1700 795 1816 lapis
809 1699 965 1786 habens
987 1707 1176 1816 concepti
1194 1733 1240 1786 ac
1256 1706 1384 1788 innati
1406 1713 1539 1824 impe-

162 1817 226 1902 tus
242 1814 430 1903 deorsum
448 1817 589 1902 diserti
612 1821 716 1900 vires
736 1847 767 1898 ae
800 1817 909 1900 ualet
935 1817 1091 1902 viribus
1110 1815 1284 1932 impetiit
1311 1817 1460 1928 sursum
1475 1825 1540 1912 di.
1574 1821 1579 1828 ”

164 1937 259 2018 resti
280 1931 493 2029 confistat,
510 1931 757 2046 idemquein
771 1847 912 2046 iigneri
928 1931 1074 2016 tabent
1092 1939 1315 2046 contingat.
1346 1936 1453 2022 Citm
1468 1971 1541 2026 ve-

163 2048 211 2133 ιὸ
226 2047 444 2164 inaequales
464 2045 619 2132 fuerint
629 2050 758 2145 viret,
780 2051 821 2132 id
842 2047 953 2161 quod
964 2048 1134 2132 validius
1152 2047 1234 2146 est,
1252 2049 1399 2136 eodem
1417 2058 1542 2140 modo

163 2163 349 2283 superat,
368 2163 447 2246 srve
462 2161 563 2246 nihil
580 2167 768 2276 contrarij
788 2159 961 2276 impetiit
977 2163 1029 2248 ab
1048 2163 1268 2247 infirmiore
1282 2167 1464 2282 oppofito
1480 2185 1545 2257 re·

164 2285 313 2397 cipiat‚
331 2275 398 2362 sed
411 2281 612 2361 minorem
625 2305 783 2360 motum
796 2283 837 2362 vi
852 2275 909 2360 stri
924 2275 1097 2394 impetite
1115 2280 1311 2394 producat
1327 2309 1400 2396 pro
1417 2290 1542 2370 ratio-

165 2427 218 2480 ne
232 2399 384 2481 viritim
398 2455 409 2491 ,
421 2391 571 2508 quibus
583 2390 758 2507 superatt
773 2391 854 2478 five
869 2421 1025 2508 partem
1041 2387 1216 2508 impetiit
1232 2402 1419 2512 contrarij
1441 2406 1542 2486 reci-

160 2517 269 2629 piat,
289 2539 379 2624 quae
393 2511 541 2625 proprij
561 2504 734 2622 impetite
747 2513 852 2592 vires
866 2536 1060 2593 attenuet.

219 2626 521 2741 Qiotidianum
534 2621 594 2707 est
607 2625 730 2739 hujus
745 2623 981 2742 aequalitatis
998 2653 1069 2708 aut
1085 2623 1366 2740 inaequalitatis
1379 2635 1539 2746 experi—
1665 2637 1667 2642 ’
1743 2611 1745 2618 ’

78 2799 83 2804 -
158 2745 401 2832 mentumin
420 2744 496 2842 iis,
523 2769 612 2852 quae
627 2767 813 2844 innatant
831 2740 991 2825 humori
1009 2773 1020 2832 ι
1041 2741 1129 2824 haec
1147 2746 1257 2824 enim
1280 2743 1441 2828 humori
1463 2751 1541 2830 im-

216 2859 310 2956 srta,
325 2860 422 2972 quia
433 2859 476 2938 in
490 2867 583 2939 ae're
604 2859 820 2966 gratuitam,
838 2853 1115 2947 descenduntr
1130 2883 1218 2970 pars
1238 2851 1337 2942 veri)
1356 2859 1540 2947 immersa
1617 2899 1620 2908 ¹

157 2891 304 3062 seorim
329 2977 373 3054 in
391 2973 591 3064 humoter
610 2997 856 3084 praegravata
875 2997 1012 3054 tamen
1031 2968 1054 3052 ἒι
1070 2967 1221 3084 reliqui
1239 3000 1352 3084 parte
1374 3003 1540 3076 extante

160 3085 350 3178 deorsum
364 3087 501 3172 adhuc
520 3111 709 3196 urgetur,
722 3086 855 3170 donec
875 3089 982 3168 iuter
1002 3113 1155 3200 partem
1170 3085 1391 3172 immersam
1406 3101 1449 3176 δι
1463 3121 1539 3178 ex-

162 3233 317 3292 tantem
332 3203 402 3288 fiat
411 3199 704 3316 aequilibrium,
718 3209 760 3287 &
773 3201 1025 3304 tantumdem
1034 3229 1127 3316 ‘pars
1143 3197 1324 3285 immersa
1339 3203 1479 3290 levitet
1492 3209 1505 3288 ι’
1511 3239 1538 3292 ιι

162 3323 419 3418 humote‚ac
429 3343 572 3402 extans
585 3321 758 3428 gravitat
770 3319 928 3400 inaiire
948 3309 1147 3400 Sicmaffa
1165 3315 1354 3430 plumbea
1365 3349 1542 3434 argento

160 3441 257 3522 vivo
268 3432 451 3550 imposrta
461 3429 689 3528 descendit,
702 3431 835 3516 donec
848 3427 964 3515 molis
975 3429 1173 3546 plumbeae
1188 3461 1277 3545 pars
1292 3437 1316 3550 ,ξ
1332 3461 1462 3528 extet5
1477 3439 1539 3526 est

159 3572 273 3654 enim
291 3561 477 3677 specifica
488 3559 644 3674 plumbi
659 3559 895 3674 gravitasad
908 3557 1135 3673 specificam
1147 3569 1334 3678 tuercurij
1360 3571 1535 3679 gravita-

160 3711 244 3768 tem
257 3708 303 3764 ut
317 3711 330 3762 ι
345 3709 359 3762 ι
376 3677 428 3764 ad
445 3707 504 3784 13.
523 3675 662 3760 levitat
682 3679 820 3790 itaque
835 3673 1048 3788 plumbum
1064 3679 1107 3756 in
1121 3671 1320 3760 mercurio
1333 3710 1378 3764 ut
1397 3720 1430 3780 2,
1445 3713 1536 3797 gra·

161 3802 262 3884 vitat
278 3799 323 3880 in
338 3805 431 3878 aiire
450 3820 494 3876 ut
511 3823 529 3876 ι
545 3823 558 3874 ι
575 3823 589 3885 ι
608 3795 734 3903 igitur
747 3787 945 3904 plumba
961 3786 1091 3874 maffae
1107 3820 1240 3904 partes
1263 3825 1303 3876 ιι
1324 3793 1536 3884 invitantes

160 3910 328 4026 fingulae
343 3915 393 3993 ut'
421 3935 595 4024 tparem
618 3905 774 3990 habent
793 3933 984 3988 conatum
1003 3903 1176 4005 rursum,
1196 3938 1242 3990 ac
1257 3938 1388 4024 partes
1408 3949 1426 3997 2
1446 3941 1536 4026 gra·
1662 3926 1664 3934 ’

160 4035 334 4112 vitantes
351 4025 516 4139 fingulae
531 4050 577 4106 ut
595 4053 637 4105 ιι
658 4047 858 4105 conantur
877 4017 1073 4106 deorsum.
1113 4019 1244 4136 Quid
1269 4023 1295 4106 st
1316 4029 1371 4110 ita
1392 4027 1532 4142 depri-

160 4169 339 4230 meretur
356 4137 595 4262 plumbum‘,
619 4163 665 4228 ut
684 4139 770 4252 ejus
786 4165 917 4250 partes
938 4167 986 4219 ιι
1007 4141 1365 4248 immergerentur,
1386 4151 1427 4226 &
1452 4175 1534 4231 una

158 4285 337 4350 extarett
348 4261 432 4368 jam
456 4261 576 4338 unica
590 4281 678 4368 pars
701 4257 902 4364 gravitans
924 4279 970 4334 ut
991 4281 1034 4334 ιι
1057 4257 1286 4334 vinceretur
1308 4249 1330 4335 ἓι
1353 4257 1533 4368 partibus
1602 4321 1608 4336 .

166 4405 213 4459 ιι
242 4367 503 4457 letitantibus
535 4363 700 4480 fingulis
722 4397 769 4451 ut
795 4403 840 4466 2,
871 4397 918 4450 ae
936 4395 1146 4482 propterea
1177 4368 1314 4451 adhuc
1338 4397 1426 4484 pars
1449 4405 1532 4460 una
1642 4416 1647 4426 ·

158 4515 406 4598 emergeret:
421 4483 810 4600 quemadmodumfi
832 4511 1009 4598 quatuor
1018 4510 1147 4598 partes
1162 4509 1370 4584 extarent,
1392 4497 1431 4572 &
1454 4519 1530 4574 no-

161 4608 254 4687 vem
266 4607 615 4716 immergerentur,
631 4601 774 4683 harum
791 4599 931 4684 levitas
957 4598 1071 4682 18ab
1091 4595 1245 4678 illarum
1264 4605 1459 4712 gravitate
1473 4629 1533 4720 44

157 4723 412 4820 vinceretur,
427 4713 606 4829 idedque
620 4715 757 4802 adhuc
771 4717 860 4803 duae
874 4721 1253 4894 immergerentur.X
