3794 5270
441 221 602 342 tiber
644 219 865 380 spamus.
899 188 1121 327 caius
1142 141 1306 322 x111.
1451 228 1552 338 755
1597 325 1600 335 ,

541 487 1044 596 Pxorostrro
1127 467 1225 578 Vl.
1332 513 1336 524 ·

320 725 457 842 Alia
489 726 681 833 ratione
708 715 878 876 plures
908 707 1102 864 cantilat
1133 703 1422 854 componere,
1546 819 1562 842 κ

1100 877 1107 904 .
1402 863 1424 901 t

275 977 316 1062 X
342 973 417 1070 iis,
442 1003 532 1087 quae
554 970 677 1081 hujus
701 965 793 1052 libri
812 993 898 1084 cap.
915 995 950 1074 5.
967 961 1075 1046 dieta
1094 952 1217 1050 sunt,
1242 975 1371 1059 genus
1393 935 1505 1026 aliud
1520 938 1574 1024 ad

188 979 470 1194 ECuneum
490 1092 699 1202 pertinens
715 1084 949 1198 excogitate
966 1075 1169 1196 poll't'tmus
1192 1127 1205 1165 ,
1236 1093 1319 1189 quo¹
1346 1055 1462 1187 sitnm
1482 1053 1575 1179 pltr-
1702 1072 1705 1106 ³

135 1283 140 1302 .
189 1239 250 1293 res
267 1206 409 1292 antlias
441 1207 593 1320 agitare
621 1203 735 1319 polis
754 1201 966 1318 potentia,
991 1177 1253 1298 cuimaximi
1280 1201 1431 1264 vntum
1456 1173 1575 1285 copta

190 1323 400 1440 suppetat,
422 1331 465 1407 δι
484 1319 600 1406 valde
619 1317 785 1436 simplex
804 1317 995 1408 machina
1021 1299 1293 1394 construenda
1313 1311 1572 1412 proponatur.

188 1445 251 1528 Ex
279 1437 411 1526 solidis
432 1433 622 1524 asl'etibus
787 1425 793 1444 ’
1542 1421 1547 1434 “

190 1555 476 1670 compingatur
529 1558 610 1638 cir·
843 1565 926 1653 ,p
1057 1624 1185 1649 ‘—
1383 1626 1384 1633 Ν
1451 1633 1454 1640 ,
1535 1593 1543 1602 .

191 1672 308 1758 culus
333 1707 342 1753 ε
370 1671 440 1754 hic
458 1675 501 1754 in
519 1671 611 1753 osio
862 1636 1454 1769 ι-Ζ-Ἶ-Ιῑ--Β
1473 1754 1476 1762 Ι

189 1815 319 1905 partes
334 1784 611 1882 distribuatur,
745 1824 768 1851 -κ
896 1752 1378 1865 Ην
1514 1777 1563 1858 n·

193 1917 236 1992 δε
279 1904 370 1988 duae
422 1900 614 2016 proximae
1486 1889 1552 1933 ⁴²·

194 2017 405 2106 confixum
434 2016 615 2102 habeant

193 2131 371 2247 tigillum
400 2136 513 2229 AB,
541 2161 616 2216 cu·

191 2253 253 2364 jus
274 2253 547 2334 extremitates
564 2251 621 2330 ita

196 2363 624 2477 extracirculumpro·
799 2369 802 2374 '

199 2487 409 2578 mineans,
431 2505 475 2564 ut
492 2478 625 2562 intifis

198 2602 332 2686 crenis
348 2594 514 2682 hastulae
540 2625 626 2678 em·

75 2817 80 2824 ,
200 2712 297 2802 bolo
323 2713 491 2800 adnexae
518 2715 626 2795 circa

199 2829 314 2916 suurn
346 2859 462 2915 axem
493 2825 625 2910 versa-

203 2947 296 3030 tiles
329 2945 415 3030 srne
451 2941 626 3058 impedi·

202 3087 342 3150 mento
359 3064 512 3146 moveri
526 3089 626 3176 que-

204 3207 286 3266 ant.
346 3182 449 3262 Tres
483 3176 664 3260 ssmiles·

206 3293 325 3408 tigilli
358 3287 649 3406 transversarij'

186 3412 422 3534 'affigantur
440 3413 548 3508 CD,
565 3413 650 3509 EF,
665 3412 706 3496 G
719 3411 765 3494 H
790 3409 1111 3501 extremitatibus
1129 3405 1310 3492 similiter
1323 3415 1591 3530 prominenti-

208 3530 282 3616 bus
294 3555 407 3612 extra
424 3526 565 3610 circuli
588 3526 811 3628 ambitum,
833 3531 1096 3616 &excavatis
1118 3529 1161 3608 in
1179 3555 1318 3610 trenas
1339 3525 1590 3616 hastularum

209 3672 389 3844 capaces.
420 3639 685 3738 Hastularum
698 3641 799 3731 vertl
816 3643 989 3732 sormam
1012 3643 1245 3742 suaderem,
1262 3673 1351 3760 qua:
1367 3643 1492 3760 prope
1507 3643 1594 3732 e'm-

210 3759 264 3848 bo
281 3789 350 3843 um
378 3753 506 3844 effent
522 3756 717 3872 plicatiles
739 3759 783 3847 in
801 3763 984 3850 dextram
1008 3789 1130 3876 arque
1151 3757 1374 3860 sinistram,
1396 3759 1594 3878 quemad*

210 3877 380 3964 modum
404 3876 451 3959 in
479 3871 662 3989 supremi
682 3906 823 3994 parte,
848 3881 919 3964 ubi
947 3873 1231 3972 transversariis
1246 3872 1480 3979 coherent,
1502 3875 1595 3970 sunt

211 3999 319 4080 circa
332 4021 449 4077 axem
468 3989 677 4077 flexilesin
692 4001 934 4082 anteriorem
948 4025 1070 4111 atque
1083 3990 1128 4077 in
1141 3991 1400 4102 posteriorem
1419 3983 1604 4104 partemr

211 4141 263 4196 ex
278 4111 356 4194 hac
369 4113 480 4193 enim
498 4105 808 4197 flexibilitatem
822 4143 986 4198 omnem
1006 4138 1161 4227 partem
1185 4107 1342 4202 facilior
1356 4104 1485 4195 orimr
1501 4143 1593 4199 mo-

212 4257 289 4312 tus.
319 4229 439 4310 Duos
454 4253 590 4352 autem
609 4225 759 4342 tigillos
776 4231 870 4315 CD
888 4241 930 4316 ὅ(
942 4231 978 4334 ,Ε
993 4237 1022 4318 F
1038 4225 1224 4312 existimo
1237 4227 1501 4350 apponendos
1518 4225 1600 4324 ello

212 4339 532 4443 transversantis,
548 4344 599 4428 ad
614 4348 806 4462 majorem
821 4343 961 4434 circuli
979 4347 1232 4450 firmitatem:
1253 4337 1599 4466 quamqt'ramsuf-

215 4461 355 4545 ficeret
368 4460 420 4543 ad
434 4459 681 4576 propositum
702 4461 828 4548 finem
843 4461 1044 4550 breviores
1055 4465 1263 4575 apponere
1276 4460 1380 4565 ads]
1392 4463 1423 4548 E
1434 4472 1482 4552 .&
1497 4460 1540 4548 D
1552 4448 1597 4570 Ρ,
1714 4445 1717 4452 .

213 4581 382 4692 omnino
400 4575 792 4698 ssmilesstaequales
810 4569 1119 4698 ipfisnssacG
1130 4578 1213 4686 H.'
1285 4573 1318 4664 j'
1377 4575 1384 4586 ’
1499 4631 1503 4638 ‹

273 4693 351 4776 His
365 4699 510 4808 paratis
525 4693 989 4814 alitisaequaiistirculu's
1014 4691 1326 4815 superponatur,
1343 4687 1603 4810 firmite'tque

1107 4815 1305 4906 CCccc
1366 4851 1388 4906 2
