3794 5266
402 252 515 352 434
547 229 554 240 '
860 191 1304 312 Meclaamcumm

398 367 649 486 inaequalitas
667 361 903 452 delinienda
917 360 975 444 stt.
1009 361 1062 444 Et
1076 359 1246 478 quidem
1257 361 1517 460 manifestum
1533 364 1594 451 est
1606 365 1769 482 aliquam
1861 375 1862 378 ‘

398 487 595 578 elaffiratis
608 506 763 602 partem
776 479 896 568 fixam
910 471 988 565 else
1006 507 1128 596 atque
1144 505 1401 577 manentem,
1423 481 1504 564 live
1519 481 1587 565 illa
1602 509 1768 571 extrema

397 607 469 705 stt,
484 603 587 688 utin
610 599 970 718 perticdtoreutae,
990 597 1069 682 srve
1093 595 1253 692 media,
1273 600 1376 680 utin
1396 627 1495 680 arcu
1511 595 1660 696 balistae
1673 661 1685 698 ‚
1700 602 1770 686 five

397 748 571 836 utraque
586 715 841 808 extremitate
854 741 1045 798 manente
1062 739 1153 828 pars
1165 711 1302 796 media
1318 710 1500 796 licitatur
1510 710 1592 798 infi
1598 745 1769 813 numm:
1787 775 1792 786 .

394 838 566 924 eitharae
578 840 712 918 nervis
722 833 944 943 ‚contingit
977 831 1064 938 Qui
1077 824 1191 910 enim
1209 825 1293 910 lieri
1310 818 1459 943 pollet,
1479 857 1524 912 ut
1540 835 1613 946 pbr
1623 835 1707 918 vim
1717 831 1768 916 la.
1862 839 1863 880 l

393 958 509 1039 mina
524 950 769 1048 dederetur,
784 948 954 1062 srpartes
965 964 1108 1028 omnes
1118 940 1326 1056 aequaliter
1344 973 1630 1032 moverentur?
1644 945 1769 1060 Utigi-

397 1097 465 1156 tur
478 1095 688 1152 externam
711 1071 795 1149 vim
811 1059 1000 1174 recipiat,
1027 1071 1069 1146 δι
1095 1055 1299 1157 dedatur,
1318 1060 1495 1176 aliquam
1511 1067 1604 1171 ejus
1628 1091 1771 1180 partem

398 1208 559 1298 oportet
577 1209 647 1267 aut
661 1184 832 1266 omniuo
858 1183 1068 1263 immotam
1095 1203 1283 1273 manere,
1301 1205 1373 1260 aut
1390 1173 1525 1264 saltem
1548 1179 1771 1293 languidiirs
1862 1283 1863 1288 Ν

398 1326 568 1386 moverr.

454 1413 570 1498 Hinc
593 1413 657 1499 est
682 1406 1076 1505 elastnatismotum‚
1098 1407 1199 1492 dum
1227 1403 1472 1510 indebitur,
1490 1414 1601 1496 eirca
1623 1436 1769 1526 partem

397 1559 632 1616 manentem
655 1529 795 1644 perlici
812 1587 823 1624 ‚
841 1555 888 1608 ae
905 1525 1076 1640 proinde
1088 1521 1332 1651 particulas,
1356 1553 1446 1640 quae
1459 1527 1511 1610 ad
1525 1556 1668 1610 cavam
1676 1529 1768 1643 'qui-

398 1649 494 1732 dem
506 1643 758 1762 superficiem
770 1639 960 1758 spectant,
974 1666 1045 1756 per
1058 1643 1378 1756 vuncompritui‚
1389 1671 1478 1756 quae
1493 1640 1594 1727 seed
1606 1643 1661 1728 ad
1675 1674 1768 1729 con·
1863 1726 1864 1730 a

398 1759 743 1860 vexamintendi.
780 1751 912 1874 Qdd
929 1755 955 1840 sr
969 1753 1176 1873 particulae
1189 1753 1266 1840 illae
1278 1785 1365 1839 non
1380 1752 1697 1844 itatenacinexu
1710 1764 1769 1846 in·

330 1879 332 1888 '
396 1906 460 1962 ter
474 1878 512 1962 le
527 1883 708 1963 invicem
727 1875 998 1969 cohaererent,
1018 1897 1063 1955 ut
1077 1871 1197 1980 facile
1217 1869 1537 1958 distraherentur
1558 1903 1768 1976 contenta,
1863 1871 1864 1950 f

397 1981 1769 2108 dcexprimerenturcomprell'ae,quemadmudumplumbeaelamina,

397 2141 490 2228 quae
503 2109 549 2194 in
565 2111 737 2226 liguram
755 2102 979 2222 quamlibet
995 2103 1283 2202 conformatus,
1296 2108 1457 2202 accidia
1472 2101 1651 2192 amissam
1662 2112 1766 2190 redi·

396 2228 583 2311 tudinem
601 2255 687 2310 non
710 2247 1018 2336 recuperarent„
1052 2219 1133 2304 Sed
1156 2225 1349 2337 quoniam
1374 2222 1583 2306 ardiffimo
1610 2222 1771 2307 vinculo

394 2344 718 2456 conjunguntur,
728 2329 845 2454 quod
855 2335 928 2419 nist
940 2333 1201 2420 validioribus
1213 2335 1365 2420 viribus
1383 2338 1520 2422 revelli
1533 2369 1617 2422 non
1631 2339 1769 2456 potest,

394 2459 501 2542 urin
514 2454 718 2568 chalybei
734 2451 884 2538 lamini
898 2449 1154 2539 observamus
1180 2485 1191 2545 3
1216 2443 1388 2536 cellante
1407 2455 1576 2539 externi
1590 2461 1630 2538 vi
1640 2479 1654 2554 ,·
1682 2483 1767 2570 quat

394 2583 600 2658 contenta:
611 2573 772 2657 fuerant
784 2630 795 2667 ,
808 2565 847 2653 se
866 2569 1139 2666 constabunt,
1158 2563 1766 2682 quecornprelsae‚selatii1sert·

392 2689 573 2803 plicants
595 2715 721 2803 atque
739 2679 847 2770 aded
866 2685 929 2768 his
950 2683 1132 2768 debitam
1145 2683 1383 2798 posrtionent
1398 2685 1468 2770 fibi
1485 2687 1770 2801 reparantibus,

392 2807 543 2890 lamina
554 2806 606 2890 ad
627 2800 836 2917 pristinam
853 2800 1024 2885 sormam
1037 2797 1090 2884 ed
1104 2799 1388 2884 vehementibs
1402 2801 1526 2900 redit,
1540 2799 1629 2915 qub
1645 2806 1768 2916 majo·

393 2949 481 3006 rem
495 2920 731 3004 violentiam
745 2915 985 3032 patiebatur.
1031 2921 1171 3032 Qare
1190 2913 1378 2998 Potentia
1391 2947 1561 3002 movens
1577 2917 1669 3002 sunt
1684 2914 1770 3032 ipsae

393 3037 602 3151 particule
617 3033 771 3118 illatam
783 3039 868 3117 vim
881 3036 1162 3132 excutientes,
1189 3041 1230 3117 dt
1249 3032 1301 3115 ad
1320 3031 1392 3116 sebi
1408 3033 1589 3118 debitam
1608 3035 1770 3150 pusrtio·
1864 3031 1865 3044 '

394 3181 492 3239 nem
510 3151 738 3240 redeuntes.
1527 3235 1532 3243 ,
1626 3187 1630 3194 -

453 3267 571 3355 Licet
584 3265 710 3380 igitur
720 3271 765 3370 in
777 3294 875 3350 areu
887 3262 1034 3350 baliste
1051 3269 1210 3350 intento
1218 3263 1370 3380 duplex
1383 3261 1526 3354 clasma
1541 3265 1772 3381 hincatqde

394 3389 499 3476 ltin'c
512 3385 762 3470 cunstderare
773 3415 784 3475 5
797 3381 932 3465 media
948 3381 1154 3498 siquidem
1168 3409 1256 3496 pars
1270 3377 1381 3464 arcils
1401 3381 1549 3467 balistae
1561 3381 1772 3467 manubrio

395 3503 525 3590 infixa
548 3527 710 3599 manet,
735 3507 775 3584 δι
799 3494 960 3608 stngula
972 3521 1127 3582 cornua
1145 3497 1376 3594 struantur,
1394 3495 1461 3583 sed
1479 3495 1532 3586 eb
1545 3499 1772 3594 difficilitas,

425 3618 483 3704 ub
499 3619 683 3705 breviora
699 3612 814 3711 sunt,
833 3617 986 3700 caeteris
1000 3613 1183 3729 paribus,
1197 3609 1353 3696 attenti
1370 3617 1712 3712 commeraffitie,
1728 3626 1767 3700 ὃ(

394 3651 489 3827 detti
503 3737 819 3850 temperationes
835 3734 920 3846 pari
936 3735 1046 3814 enirn
1064 3728 1241 3816 flexione
1256 3730 1514 3844 paucioribus
1531 3731 1768 3815 minorisae-

393 3851 466 3940 eos
482 3849 688 3970 particulis
713 3842 1047 3963 majorviolentia
1063 3845 1275 3932 inferenda
1296 3843 1382 3945 est,
1396 3850 1550 3962 quippe
1564 3877 1664 3963 quas
1682 3877 1766 3932 ma·

393 3976 458 4088 gis
470 3967 712 4084 comprimi,
726 3957 933 4076 magisque
948 3963 1108 4050 intendi
1127 3975 1304 4078 oportet,
1317 3957 1444 4076 quim
1458 3969 1500 4046 in
1515 3963 1698 4076 longiore
1710 3991 1769 4046 ar-

271 4183 276 4198 ,
392 4117 474 4186 cu,
495 4085 567 4171 ubi
591 4085 748 4167 minore
772 4077 951 4194 plurium
979 4083 1158 4196 partium
1179 4079 1465 4191 comprelsrone
1486 4089 1528 4166 &
1545 4083 1771 4164 intentione

265 4191 268 4202 ¹
394 4203 522 4290 flexio
534 4199 679 4286 eadem
691 4194 876 4282 habetur.
901 4201 1172 4314 Praeterquam
1185 4194 1300 4309 quod
1313 4193 1448 4309 inipsa
1461 4194 1642 4280 flexione
1655 4197 1768 4279 adhi-

392 4312 959 4432 beturquodammodovettis
973 4311 1138 4398 secundi
1153 4312 1311 4425 generis
1322 4371 1337 4406 ‚.
1351 4341 1475 4424 quem
1493 4311 1576 4426 ipsa
1589 4311 1770 4426 longitu-

391 4439 451 4524 do
461 4427 736 4548 repraesentat,
758 4457 847 4544 pars
858 4459 1027 4515 nnnens
1039 4427 1473 4540 vieemhypomoehlij
1485 4425 1613 4526 subit,
1628 4437 1770 4542 &pat-

378 4581 453 4638 ,τες
472 4545 748 4644 intermedie,
763 4575 862 4659 quas
877 4541 1500 4662 pertimeoarslariautdilatari
1515 4573 1699 4660 oportet,
1713 4541 1772 4626 lo

390 4697 490 4768 nam
502 4665 691 4754 obtinent
704 4664 895 4778 ponderis
913 4697 927 4748 ε
946 4663 1055 4759 nihii
1066 4669 1193 4777 igitur
1204 4665 1378 4765 mutem,
1393 4659 1628 4754 siPotentia
1639 4689 1771 4794 extre·
