3708 5274
399 177 823 340 Liberfiprims.
865 183 1090 304 Cnrur
1113 189 1215 299 Vl.
1386 185 1497 332 669

45 359 148 444 nia
168 346 254 436 ita
270 339 343 434 fibi
366 344 534 433 vicissim
557 340 626 434 suti
646 341 756 430 mole
769 341 990 458 obsistere,
1012 347 1234 444 utnullum
1252 353 1405 436 moveri
1422 381 1496 436 va·

43 475 164 560 leat
182 529 199 566 ,
219 472 332 582 quin
343 459 506 548 alterius
518 460 567 552 in
581 459 719 546 locum
733 455 922 549 succedat
939 499 953 560 5
976 467 1087 582 quod
1100 467 1271 579 proinde
1288 465 1382 552 loco
1397 465 1495 582 pelli

48 583 272 678 necesse
287 579 347 668 est
359 643 370 677 ,
384 605 584 694 quantum
601 573 691 663 satis
703 575 854 672 fuerit,
881 607 928 664 ur
943 576 1132 669 subeunti
1150 581 1313 698 corpori
1325 581 1496 700 spatium

54 705 314 796 concedat
336 731 348 794 ι
370 695 450 780 five
471 695 512 780 id
529 699 775 810 conpingat,
805 703 901 812 quia
914 695 1109 782 obsrstens
1123 727 1269 814 corpus
1291 703 1398 784 inter
1416 731 1497 786 an-

59 819 261 937 gustias
283 807 583 1018 dqprehensum
603 807 867 928 secomprimi
881 818 1083 929 patiatur,
1104 813 1187 910 sive
1207 820 1302 938 quia
1320 814 1518 906 divisum¹

63 947 124 1024 in
150 938 303 1022 latera
334 929 508 1027 eredat,
536 929 616 1012 srve
639 923 737 1046 quin,
757 927 999 1016 circumfusa
1015 943 1184 1046 corpora
1200 931 1494 1046 circumpellat,

67 1084 188 1172 quae
210 1043 407 1140 abeuntis
422 1042 590 1156 vestigia
601 1041 830 1162 sequantur.
877 1049 987 1133 Cum
1006 1051 1142 1161 itaque
1155 1075 1233 1132 nec
1253 1055 1389 1132 omnia
1404 1049 1494 1164 pla-

74 1171 147 1260 ne
175 1193 360 1284 corpora
371 1155 572 1282 perpetui)
592 1159 914 1276 quiescant,nec
932 1163 1224 1278 omniaaequali
1241 1159 1398 1278 prorsus
1410 1165 1495 1281 agi·

72 1287 265 1376 tatione
286 1305 646 1376 commoveantur,
668 1275 755 1364 fieri
779 1307 864 1362 non
880 1277 1046 1394 potest,
1077 1285 1178 1394 quin
1203 1277 1407 1394 aliquibus
1433 1285 1494 1369 vis

74 1407 247 1522 aliqua
265 1397 405 1486 saltem
417 1390 637 1512 aliquando
650 1392 868 1492 inseratur,
886 1390 1067 1511 seu'quia
1083 1393 1275 1482 nonlicet
1291 1397 1365 1481 diu
1377 1401 1494 1514 juxta

84 1549 263 1609 naturae
278 1513 509 1601 institutum
519 1515 655 1626 quieta
672 1507 909 1608 consistere,
927 1507 995 1595 seu
1014 1513 1111 1622 quia
1128 1539 1298 1596 externo
1309 1512 1423 1628 pulsu
1439 1519 1493 1614 ad

84 1639 359 1726 velociorem
374 1655 532 1712 morum
550 1624 784 1710 incitantur.
821 1631 962 1826 (zare
980 1625 1129 1711 nullius
1143 1634 1320 1744 corporis
1336 1659 1387 1714 ex
1398 1617 1492 1718 loc‘o
1587 1645 1590 1656 “

92 1755 306 1842 inlocum
328 1741 518 1858 migratio
538 1739 763 1853 excogitari
786 1769 881 1856 pote
929 1746 1028 1840 ,cui
1044 1741 1326 1848 nullumaliud
1345 1775 1492 1866 corpus

89 1863 341 1960 adversetur
357 1874 398 1950 ὅ(
413 1885 634 1974 repugnet,
649 1857 712 1944 vel
729 1885 775 1942 ur
791 1855 861 1942 luo
879 1855 918 1941 se
930 1857 1139 1943 tuteturin
1155 1857 1247 1944 loco
1256 1863 1373 1975 juxta
1386 1893 1490 1979 prae.

96 1985 303 2104 scriptum
323 1975 501 2064 &natura
515 1975 723 2074 ordinem,
739 1971 804 2060 vel
820 2003 865 2057 ut
877 1979 1054 2088 partium
1074 2003 1250 2076 nexum,
1270 1985 1313 2064 δι
1329 2005 1496 2068 natura-

98 2105 187 2194 lem
203 2125 345 2187 earum
366 2089 607 2212 positionem
618 2085 748 2176 servet
760 2086 862 2174 citri
872 2091 1133 2190 divisionem,
1149 2119 1221 2176 aut
1237 2095 1503 2208 compressio·v
1569 2107 1573 2114 '

102 2251 226 2315 nem,
243 2241 315 2301 aut
334 2205 645 2298 distractionem.
671 2207 734 2292 Ex
746 2237 830 2322 quo
847 2203 1001 2292 &illud
1016 2201 1265 2322 consequens
1278 2210 1362 2306 est,
1377 2217 1491 2326 quod

105 2335 271 2425 nullum
288 2321 418 2444 reipsa
440 2323 665 2441 (quicquid
690 2322 828 2406 animo
855 2319 1047 2416 finxeris)
1073 2321 1244 2438 quiescit
1267 2354 1412 2440 corpus
1436 2331 1489 2416 ad

105 2479 276 2540 omnem
286 2437 460 2530 omnini)
475 2467 632 2526 motum
654 2432 762 2525 ade'rl
782 2431 1046 2556 indifferens,
1063 2467 1109 2522 ut
1125 2437 1230 2526 nihil
1252 2439 1407 2560 prorsus
1422 2476 1488 2532 re-

108 2569 255 2654 tundat
269 2553 442 2677 imperiis
455 2557 507 2646 ab
519 2555 599 2642 alio
620 2585 787 2672 corpore
806 2582 1011 2640 commoto
1033 2550 1172 2669 sponte
1189 2561 1403 2676 concepti,
1419 2593 1490 2648 aut

110 2677 354 2772 extrinsecus
366 2673 556 2792 imprelli:
572 2672 731 2761 nullum
747 2675 899 2787 quippe
911 2667 983 2768 est,
994 2670 1105 2786 quod
1115 2701 1249 2786 neque
1265 2681 1487 2794 quicquam

114 2801 260 2890 habeat
276 2797 406 2914 proni,
420 2821 555 2908 neque
567 2787 717 2894 sursum
732 2783 940 2873 subvolare
955 2788 1189 2888 contendat,
1205 2790 1232 2872 sr
1247 2787 1411 2906 disparis
1424 2789 1487 2880 se.

115 2913 291 3004 cundum
327 2906 501 3026 speciem
533 2907 739 3018 gravitatis
779 2901 939 3016 corpori
979 2903 1214 3016 permeabili
1255 2913 1487 3021 proximum

117 3029 309 3126 consistat,
323 3021 394 3112 ubi
406 3021 513 3110 forti:
523 3021 709 3106 ordinem
722 3017 945 3134 perturbari
958 3021 1178 3130 contigerit
1193 3057 1202 3104 ε
1216 3051 1264 3106 ac
1274 3051 1489 3139 propterea

117 3152 333 3236 admotum
355 3135 593 3227 indifferens
613 3132 861 3223 censendum
884 3133 1070 3231 nonest,
1090 3135 1165 3220 nist
1186 3167 1231 3222 ut
1246 3143 1487 3256 exquisitam

119 3263 247 3352 circuli
264 3255 536 3378 peripheriam
555 3251 663 3339 circa
676 3280 863 3342 centrum
878 3255 1064 3366 gravium
1085 3279 1293 3368 percurrat
1317 3259 1489 3348 externa

121 3386 160 3468 vi
177 3377 427 3488 impellente:
446 3373 486 3458 id
500 3371 612 3488 quod
629 3363 767 3454 animo
781 3365 1065 3481 fingeresacile
1082 3367 1168 3468 est,
1184 3397 1306 3488 opere
1321 3361 1494 3491 exequi,¹

121 3491 363 3584 utmitillrme
376 3484 844 3602 loquar,difficillimum
855 3484 994 3580 tcerte
1008 3481 1163 3599 semper
1175 3491 1396 3574 incertum·
1450 3483 1454 3493 “

174 3603 377 3698 Ηοειειὸ
398 3601 613 3690 discrimen
626 3601 686 3688 est
699 3606 807 3688 inter
822 3629 990 3718 corpora
1009 3605 1230 3716 (quantum
1250 3607 1416 3720 quidem
1431 3607 1487 3694 ud
1513 3685 1522 3704 χ

124 3727 339 3848 praesentem
354 3717 836 3844 disputationematrinetl
850 3718 961 3832 quod
974 3713 1108 3831 aliqua
1122 3715 1179 3818 ira
1192 3717 1484 3823 liberelluunt,
1565 3707 1571 3722 ’

125 3839 358 3959 utnusquam
375 3833 645 3924 adhaerescere
656 3833 1344 3950 videantur,quemadmodum,a’e'r,
1357 3847 1398 3924 δι
1411 3867 1482 3936 cx·

126 3990 292 4052 tenuatus
308 3985 434 4072 vapor
452 3991 463 4038 r
480 3951 574 4040 Alia
588 3951 741 4066 liquida
760 3962 802 4038 δι
815 3947 900 4038 fusa
921 3977 1110 4045 manant,
1132 3979 1254 4068 atque
1273 3949 1484 4056 labuntur,

127 4109 167 4168 ut
181 4105 273 4196 aqua
290 4069 507 4188 caeterlque
519 4071 734 4168 humores,
749 4097 823 4184 per
840 4097 940 4182 quos
957 4067 1120 4152 transire
1139 4077 1182 4154 δι
1200 4097 1406 4182 permeare
1427 4069 1480 4154 li·

128 4187 388 4307 cet,dirempti
399 4193 508 4272 enim
522 4183 670 4273 iterium
684 4197 835 4270 coeunt
850 4248 858 4266 .
875 4183 967 4270 Alia
978 4181 1159 4299 partibus
1172 4181 1484 4302 constanr,quae

129 4314 309 4426 junctione
320 4303 456 4422 aliqui
467 4331 681 4401 tenentur,
696 4313 738 4391 dc
754 4295 829 4386 sub
843 4297 950 4386 cerui
960 4300 1126 4416 quidem
1145 4299 1482 4407 conformatione,

129 4457 229 4545 atque
246 4419 373 4539 figuti
400 4419 642 4517 confistunt,
662 4414 846 4534 quandiu
869 4417 983 4504 nullo
1004 4413 1235 4550 impellente
1259 4445 1456 4532 urgentur
1464 4457 1483 4521 t

133 4551 210 4662 quit
222 4569 352 4628 tamen
370 4535 491 4626 facile
504 4533 716 4652 comprimi
731 4562 913 4652 queunt,
928 4539 973 4620 in
989 4531 1108 4621 aliam
1120 4531 1292 4647 figuram
1306 4537 1480 4626 transse-

133 4687 265 4758 tuntum
284 4653 509 4774 cujusmodi
522 4650 613 4742 sunt
624 4649 759 4740 lutum
765 4647 779 4756 ,'
794 4679 886 4740 cera
899 4659 968 4755 ,δι
986 4648 1141 4764 reliqua
1157 4647 1292 4736 mollia
1305 4681 1351 4738 ac
1364 4682 1483 4743 rene-

1021 4771 1176 4884 Pupp
1236 4801 1258 4878 r
