3818 5264
477 179 640 305 Liber
644 153 915 333 secunda.
967 187 1243 300 crrnrl.
1441 230 1539 332 ¹33

158 379 230 436 ter
240 347 293 434 ad
319 343 605 432 mechanicam
626 343 1013 462 contemplationem
1032 351 1261 462 pertinere3
1279 347 1430 464 quippe
1451 382 1544 466 quae
1626 391 1628 398 ·

153 468 389 559 machinis,
409 468 615 579 praecipuo
627 465 820 548 nimirum
832 465 1091 549 mechanices
1108 459 1228 578 scopo
1245 523 1256 562 ,
1274 463 1410 550 affinia
1428 463 1540 565 sunt5

154 581 317 668 etiamsr
338 580 389 664 ad
406 579 493 662 illas
507 610 591 662 non
603 577 715 664 velut
730 574 915 694 subjectat
927 607 1057 693 partes
1069 581 1262 692 adgentes
1277 611 1538 669 revocemur:

128 781 138 802 ,
158 705 204 786 &
223 696 504 782 instrumentis
519 693 751 808 hujufinodi
773 695 1018 780 fimachinte
1032 696 1346 810 appellationem
1363 699 1544 786 tribuere

158 815 363 932 placuerit
380 873 392 909 ,
409 843 494 896 non
518 812 740 898 admodum
758 812 818 897 de‘
834 817 1001 896 nomine
1017 811 1251 926 disputabor
1265 843 1328 898 res
1345 819 1456 898 enim
1472 816 1546 912 hle

158 931 391 1047 lpeCiatur,
409 961 494 1012 non
507 927 631 1014 verba
647 929 897 1042 penduntur.
955 1003 957 1008 .

223 1047 305 1132 Sed
320 1075 456 1160 neque
468 1044 537 1130 hle
551 1041 753 1159 disputare
766 1043 890 1130 velim
903 1108 914 1145 ,
928 1042 1065 1132 utrlam
1079 1050 1123 1132 in
1134 1053 1320 1133 motuum
1332 1047 1546 1134 machina-

160 1166 266 1251 lium
284 1160 451 1247 tensum
467 1168 644 1276 irrepant
658 1223 669 1258 ,
682 1191 735 1245 an
753 1156 853 1246 verd
864 1165 912 1244 iis
926 1161 1003 1260 rite
1016 1165 1310 1248 annumerandi
1323 1165 1545 1252 srntmotus

163 1283 248 1377 illi,
270 1311 375 1395 quos
388 1277 538 1362 sursum
549 1273 755 1376 deorsum,
771 1271 881 1362 ultrd
895 1276 1085 1394 citrdque
1096 1279 1366 1396 perficiendos
1375 1307 1548 1369 eatenus

162 1395 384 1514 expedite,
404 1427 483 1480 nec
501 1399 653 1508 exiguo
669 1393 819 1480 laboris¹
834 1395 1324 1510 compendio,molimur,
1342 1425 1550 1511 quatenus,

164 1547 235 1602 eos
251 1511 471 1596 intervallis
481 1515 536 1594 ita
548 1509 849 1623 distinguimus,
862 1539 909 1594 ut
921 1541 995 1596 nos
1004 1512 1170 1628 quidem
1187 1515 1546 1628 corpusdeprima-

165 1663 284 1728 mus,
303 1657 350 1711 ut
360 1627 697 1725 adducamus,ab
707 1626 788 1712 alio
800 1623 901 1712 veria
911 1629 1147 1728 extollatur,
1160 1657 1231 1712 aut
1247 1631 1464 1714 reducatur
1476 1669 1485 1714 t
1499 1638 1548 1721 in

165 1751 232 1834 his
252 1745 453 1859 srquidem
475 1741 577 1856 sape
593 1741 699 1828 nihil
719 1743 802 1866 est,
818 1745 931 1858 quod
949 1745 1125 1832 nostram
1142 1749 1354 1830 imminuat
1365 1777 1547 1864 operam,

166 1868 195 1950 fi
215 1870 421 1948 motiones
441 1858 606 1972 singula
623 1860 884 1946 attendantur
903 1895 914 1954 5
939 1893 1186 1978 quamquam
1208 1866 1339 1946 motui
1358 1861 1549 1950 universo

164 1984 452 2094 adjumentum
467 1981 657 2092 importat
669 1980 885 2060 continens
898 1976 966 2064 illa
984 1975 1156 2066 conatos
1169 1977 1322 2077 nostri,
1341 1979 1549 2096 alienique

167 2097 357 2207 subsrdij‚
373 2093 612 2178 vicillrtudo.
656 2095 770 2176 Hinc
789 2091 930 2210 saquis

168 2217 220 2300 ad
242 2209 578 2296 contundendam
593 2213 637 2294 in
648 2237 762 2294 aeneo
775 2236 930 2292 morta-

168 2337 232 2416 rio
246 2333 285 2414 A
300 2354 587 2412 contumacem
603 2323 782 2440 aliquam
797 2351 929 2408 mate-

168 2453 272 2532 riam
294 2447 480 2557 graviore
507 2439 658 2556 pistillo
676 2441 809 2526 ferreo
827 2469 935 2557 opus

168 2563 337 2658 habeat,
349 2559 461 2644 haud
474 2557 647 2644 dubium
659 2562 761 2673 quin
774 2563 812 2642 ei
826 2555 934 2644 mul·
1003 2662 1007 2669 Χ
1072 2597 1123 2700 G
1345 2592 1365 2639 Α
1573 2647 1575 2654 ,

170 2681 209 2764 αἳ
241 2677 487 2763 lacertorum
515 2678 558 2759 vi
592 2674 932 2760 contendendum
1450 2766 1472 2789 Q

171 2797 235 2894 srt,
250 2821 296 2878 ut
309 2789 605 2876 illtrmextollat
615 2820 819 2904 reumque
830 2820 934 2906 ope·

171 2911 298 2995 rosrus
320 2906 452 2997 multo
480 2907 527 2989 srt
555 2903 756 2990 inflexum
785 2935 934 3020 corpus
1453 2892 1483 3016 {⁸

171 3033 331 3142 erigere
349 3083 363 3122 ‚
381 3019 508 3138 quam
520 3025 700 3106 erenum
723 3020 936 3120 inclinare,
1457 3040 1463 3053 ·

173 3136 615 3255 multoque-molestius
637 3137 802 3223 brachia
821 3165 940 3222 tanto

172 3259 357 3378 pondere
365 3281 604 3371 pregravata
614 3251 941 3367 attollere‚qutlm

173 3405 320 3462 corum
333 3375 521 3486 gravitati
533 3367 849 3458 obsecundando
860 3369 937 3455 de-

176 3499 373 3608 primere,
393 3485 481 3572 satis
496 3485 667 3586 constat,
677 3514 877 3602 quantum
890 3485 939 3570 sr-

178 3613 220 3696 bi
231 3607 381 3694 laboris
393 3606 618 3690 detrauum
629 3600 940 3717 eat‚s1superio-

177 3757 220 3811 re
255 3729 302 3810 in
331 3721 426 3806 loto
457 3717 722 3806 transversum
755 3716 935 3832 tigillum

177 3845 267 3930 CD
293 3844 402 3925 circa
419 3867 539 3924 axem
559 3841 592 3922 E
615 3833 841 3922 versatilem
856 3834 1034 3931 statuat,
1065 3829 1307 3955 paribtlsque
1331 3827 1560 3920 intervallis

88 4011 93 4021 ·
178 3963 279 4048 ltine
295 3988 348 4040 ex
368 3957 405 4041 C
426 3957 605 4071 pendeat
614 3953 713 4040 fune
729 3948 934 4068 suspensus
953 3949 1123 4067 pistillos
1139 3959 1191 4051 B,
1212 3954 1313 4038 hinc
1329 3945 1429 4038 vero
1446 3952 1489 4030 in
1507 3947 1553 4028 D

178 4073 372 4194 plumbea
380 4066 502 4156 maffa
511 4071 770 4169 adnectatur,
785 4065 866 4184 qud
879 4072 935 4154 ita
950 4067 1119 4182 pistillos
1129 4071 1459 4184 preponderetur
1470 4125 1480 4162 ‚
1493 4083 1557 4161 ut,

179 4197 347 4280 nemine
362 4189 477 4274 hunc
493 4193 692 4272 retinente
708 4215 779 4272 aut
790 4187 1067 4300 deprimente,
1084 4184 1153 4270 illa
1170 4185 1378 4303 aliquanto
1393 4183 1560 4294 gravior

179 4315 224 4395 in
243 4307 470 4422 subjeetum
482 4305 717 4422 prodeuntis
734 4301 757 4390 ὲ
766 4309 919 4420 pariete
928 4308 1031 4416 tigni
1045 4331 1168 4417 caput
1181 4304 1222 4386 G
1243 4301 1427 4386 recidens
1438 4293 1560 4412 spon-

180 4457 222 4512 te
241 4423 427 4510 subsrdat
472 4425 621 4508 Omnis
647 4417 799 4506 scilicet
818 4419 1040 4506 extollendi
1061 4418 1200 4535 pistilli
1223 4415 1362 4504 labore
1386 4412 1559 4511 sublato,

181 4541 247 4627 vel
271 4537 401 4626 solum
420 4539 686 4623 brachiorum
789 4539 865 4625 dus
885 4536 1034 4654 pistillo
1058 4535 1243 4620 additum
1268 4532 1358 4620 satis
1377 4525 1455 4616 elle
1479 4525 1609 4626 ali-¹
1720 4512 1731 4536 χ

124 4717 130 4732 .
182 4659 351 4772 quando
361 4655 697 4772 poteritadleviu
713 4653 807 4747 cole
822 4651 1076 4746 tundendam
1087 4653 1295 4742 materiam
1308 4645 1561 4759 ,licebitque

1177 4770 1286 4877 Ra
