3794 5266
333 207 344 228 κ
427 239 823 404 Liberquartus.
860 195 1076 362 dirui·
1114 254 1221 360 XI.
1353 233 1511 394 «ζμ
1572 308 1575 316 ·

139 431 353 519 gruentem
382 395 599 520 superant,
623 435 747 522 atque
768 401 924 492 faciliits
952 406 1111 520 lignum
1141 397 1316 496 crali'tun
1352 409 1516 525 longius

136 519 647 719 ¹lletiitur,autfrangitur,
661 519 786 638 quim
799 521 973 607 brevius.
1512 587 1515 594 -

194 643 300 756 Qae
310 664 447 720 autem
457 638 509 722 de
538 643 636 750 igno
649 636 791 754 parieti
801 634 1510 728 secundumalteramcxtremitatem
1580 643 1582 650 '

137 753 263 838 infixo
274 754 381 837 dieta
396 750 512 851 sunt,
529 751 681 838 servati
696 752 882 864 analogii
897 753 950 838 de
962 757 1109 841 eodem
1126 757 1316 841 dicantur
1334 818 1345 854 ‚
1362 757 1389 841 st
1407 765 1515 840 circa

22 963 24 968 ,
138 869 318 955 medium
342 867 474 952 fulcro
496 869 616 954 alicui
644 867 794 953 insistat
814 874 896 969 ita,
924 898 971 954 ut
988 873 1088 956 hinc
1108 899 1232 985 atque
1248 871 1348 958 hinc
1366 869 1516 956 habeat

137 990 340 1100 gravitatis
351 1011 558 1068 momenta
572 985 793 1099 composita
806 1013 858 1068 ex
874 982 1046 1100 ipsarum
1061 985 1235 1101 partium
1250 991 1450 1100 gravitate
1468 995 1513 1072 δε

135 1131 184 1186 ex
200 1099 391 1186 distantia
405 1128 637 1184 tenerorum
649 1104 854 1214 gravitatis
872 1097 1053 1199 dfulcro,
1065 1109 1132 1186 cui
1141 1101 1332 1186 innititur
1343 1099 1515 1188 :eidem

135 1217 245 1301 enim
259 1222 565 1300 ratiocinatione
582 1217 790 1329 colligitur
805 1219 848 1298 in
877 1214 1062 1327 longiore
1083 1216 1200 1332 ligno
1222 1219 1417 1326 majorem
1435 1211 1515 1322 elle

135 1336 355 1416 Rationem
372 1359 672 1415 momentorum
698 1334 904 1445 gravitatis
933 1333 985 1416 ad
1012 1330 1275 1418 resistentiam
1302 1359 1433 1416 ortam
1460 1362 1514 1426 ex

136 1448 310 1562 partium
326 1447 633 1562 complexione,
654 1477 705 1530 ne
728 1444 938 1543 dedatur,
953 1443 1077 1559 qualm
1091 1447 1136 1531 in
1157 1448 1350 1534 breviore.
1384 1449 1515 1566 Qud
1643 1523 1644 1533 Ν

136 1561 236 1648 vetd
261 1561 408 1680 spodiat
430 1563 482 1647 ad
508 1561 701 1675 longioris
715 1559 819 1676 ligni
842 1557 1064 1646 faciliorem
1083 1559 1301 1648 flexionem
1317 1625 1328 1662 ,
1344 1564 1512 1678 quando

136 1705 225 1762 utra
255 1710 307 1763 ne
322 1682 552 1764 extremitas
568 1683 704 1762 innixa
721 1677 780 1760 eli
796 1673 973 1790 subjecto
989 1675 1133 1776 fulcro,
1148 1709 1231 1762 non
1243 1681 1403 1764 videtur
1416 1708 1514 1794 pro-

134 1709 365 1909 prielujus
380 1793 460 1878 loci
476 1853 489 1892 ,
507 1787 694 1877 seddeel
706 1792 864 1877 ditium
881 1789 941 1874 est
950 1787 1127 1904 stiperiits
1141 1791 1212 1877 lib.
1218 1783 1252 1900 3}
1271 1797 1381 1908 capi
1396 1827 1429 1876 1.

191 1913 254 1996 Ex
270 1911 359 2009 his,
377 1909 529 2023 quade
545 1903 730 2023 prismate
744 1933 857 1990 extra
869 1902 1066 2022 parictem
1082 1935 1267 2004 extante,
1280 1909 1391 2022 quod
1410 1907 1513 1996 faci-

132 2023 210 2114 liits
225 2023 428 2124 flestitur,
447 2026 641 2110 haetenus
657 2025 856 2118 diximus,
876 2019 1043 2107 ulteriits
1055 2051 1187 2135 patet,
1202 2051 1335 2108 curex
1350 2053 1513 2114 contra-

133 2147 195 2224 rio
210 2141 376 2254 longius
399 2140 559 2250 lignum
577 2167 623 2224 ut
655 2134 1186 2250 AB,·etiarns1ptremcnm
1212 2135 1397 2223 breviore
1432 2144 1512 2226 ΑΕ

133 2247 345 2342 c‘rallitiem
364 2256 540 2352 habeat,
571 2250 696 2340 alteri
728 2254 982 2336 extremitate
1015 2253 1221 2368 aqualiter
1259 2249 1304 2336 in
1324 2257 1410 2340 Ac
1439 2287 1513 2372 ap-

22 2413 25 2424 ·
130 2370 381 2488 prehensum
393 2369 597 2460 difficilius
612 2366 862 2454 sustineatur.
909 2369 1019 2449 Nam
1034 2371 1145 2482 qnod
1158 2365 1320 2484 longius
1333 2369 1456 2456 estad
1468 2373 1513 2457 il·

127 2491 228 2590 lud,
247 2489 361 2604 quod
377 2487 540 2572 brevius
552 2483 625 2584 est,
640 2479 862 2570 secundum
872 2481 1135 2594 grauitatem,
1152 2511 1241 2598 quae
1251 2481 1439 2570 deorsum
1447 2493 1516 2596 nit

130 2609 259 2702 titur,
280 2633 369 2708 eam
391 2601 771 2700 habetRationem,
790 2627 879 2713 quae
893 2595 952 2682 est
965 2596 1233 2710 longitudinis
1246 2601 1406 2712 majoris
1426 2605 1513 2690 CB

128 2721 182 2804 ad
194 2717 502 2832 longitudinem
514 2724 713 2803 minorem
730 2718 810 2802 ΟΕ
832 2749 842 2795 t
860 2723 903 2799 δι
916 2739 1106 2828 praetcrea
1118 2743 1336 2813 momenta,
1353 2745 1442 2828 quat
1461 2749 1514 2804 ex
1622 2827 1623 2830 Ν

127 2835 327 2922 distantia
340 2840 546 2934 oriuntur,
566 2833 657 2918 sunt
677 2850 724 2916 ut
742 2833 832 2916 CD
848 2827 901 2912 ad
916 2831 1006 2926 CF,
1021 2827 1102 2912 hoc
1116 2827 1175 2914 e'st
1192 2859 1238 2913 ut
1255 2833 1334 2916 CB
1350 2831 1401 2914 ad
1416 2835 1510 2930 CE,

126 2953 157 3034 st
175 2951 351 3066 quidem
367 2981 419 3037 ex
435 2949 650 3065 hypothesi
664 2973 850 3032 centrum
873 2944 1080 3056 gravitatis
1096 2945 1346 3056 intelligatur
1361 2944 1406 3026 in
1421 2977 1513 3032 me.

124 3069 198 3154 dix
212 3056 1515 3182 longitudinetsecusautem,universaliterjuxtadistantiatcen-

126 3189 179 3268 tri
209 3185 422 3296 gravitatis
441 3179 619 3266 ifulcro.
665 3183 805 3296 Qare
824 3203 909 3260 tota
930 3197 1228 3260 momentorum
1251 3180 1372 3261 Ratio
1392 3205 1439 3262 ca
1453 3179 1516 3264 en

123 3329 221 3412 quae
261 3303 520 3413 componitur
549 3325 601 3380 ex
630 3289 875 3379 Rationibus
908 3295 1154 3403 gravitatum
1184 3287 1513 3406 respondentium

121 3415 230 3502 moli
247 3409 355 3499 ultri
370 3413 546 3498 fulcrum
561 3409 780 3526 protensae,
798 3419 841 3495 δι
857 3405 1136 3493 distantiarum
1153 3411 1281 3492 centri
1292 3413 1511 3519 gravitatis

123 3535 247 3616 Cum
257 3534 397 3644 itaque
415 3533 458 3612 in
469 3528 655 3639 longiore
667 3525 782 3640 ligno
792 3522 881 3638 plus
896 3525 1126 3606 inveniatur
1138 3526 1359 3633 gravitatis,
1374 3535 1415 3610 &
1428 3555 1512 3609 ma-

119 3651 189 3761 gis
211 3642 239 3730 d
257 3643 392 3731 fulcro
402 3643 722 3730 distetcentrum
736 3635 944 3752 gravitatis
961 3696 973 3733 ,
989 3631 1112 3750 quim
1128 3641 1171 3720 in
1189 3637 1373 3724 breviore
1384 3639 1511 3753 ligno,

119 3763 182 3848 nil
198 3765 379 3858 mirum,
396 3761 424 3844 st
440 3763 501 3843 vis
517 3763 561 3842 in
579 3765 615 3844 A
634 3757 782 3871 posita,
802 3781 849 3837 ut
866 3756 1160 3836 contranitatur
1183 3753 1398 3838 momentis
1417 3757 1511 3840 lon-

119 3882 260 3993 gioris
275 3875 381 3988 ligni
391 3871 522 3960 innixi
533 3873 666 3973 fulcro
682 3869 879 3980 C,majot
891 3862 968 3953 elle
980 3866 1147 3966 debeat,
1160 3863 1283 3984 quim
1294 3895 1341 3952 ut
1355 3870 1511 3956 resiste-

114 4023 185 4081 ret
199 3995 430 4078 momentis
442 3988 544 4103 ligni
562 3991 767 4076 brevioris.
1379 4007 1381 4014 ’

178 4107 400 4195 Desinant
414 4111 540 4218 igitur
555 4107 717 4201 mirari,
737 4101 810 4220 qui
825 4097 992 4188 sttrillam
1007 4099 1152 4186 decem
1167 4101 1398 4186 cubitorum
1418 4104 1513 4215 peti

110 4221 443 4346 pendiculareni
455 4250 637 4308 extremo
650 4223 770 4332 digiti
784 4223 899 4334 apice
915 4213 1112 4314 sustineri,
1124 4217 1298 4302 eandem
1311 4209 1411 4302 vcrd
1428 4217 1518 4308 ho-,

73 4415 78 4424 .
108 4337 388 4430 rizontaliter
405 4343 608 4447 jacentem
627 4365 713 4420 non
741 4334 814 4420 nisi
840 4333 978 4420 valido
1004 4359 1155 4444 conatu
1183 4328 1330 4414 elevari
1348 4331 1511 4418 uident.

105 4453 342 4548 Res-enirn
358 4485 407 4538 ex
426 4455 542 4542 distis
555 4451 761 4568 perspicua
772 4449 859 4544 ests
882 4453 977 4566 quia
989 4451 1090 4537 dum
1104 4443 1218 4532 hasta
1230 4447 1518 4560 perpendicu-.

102 4577 212 4666 laris
226 4569 374 4682 digito
390 4569 602 4667 incumbit,
614 4597 799 4652 centrum
816 4565 1023 4678 gravitatis
1038 4557 1142 4649 reeta
1158 4558 1346 4648 deorsum
1360 4589 1516 4674 urgens-

99 4697 260 4808 digito
294 4711 454 4776 motum
480 4683 553 4774 fibi
576 4683 770 4800 aequalem
793 4680 1047 4798 prescribit,
1079 4705 1128 4880 αἱ
1140 4674 1323 4882 kppzninde
1346 4677 1518 4802 vicillim
