3798 5264
341 190 446 291 174
822 133 1244 262 Mechmr'cmm
1387 276 1396 284 ¹

336 319 381 399 in
408 309 447 396 se
473 331 682 392 recurrens
701 301 933 420 peripheria
955 303 1013 390 ibi
1032 301 1091 390 sui
1106 297 1243 390 morsu
1261 302 1483 391 termium
1503 305 1713 406 inveniat,

338 429 450 513 unde
477 419 640 534 sumpsit
670 423 914 513 exordiums
952 431 994 508 δι
1027 423 1312 518 circumda,
1348 447 1440 534 quas
1465 449 1518 506 ex
1545 421 1714 508 adverso

338 541 459 640 sunt,
488 566 619 654 partes
636 535 825 651 oppositis
851 539 955 622 cicae
976 535 1155 626 motibus
1176 601 1187 634 ,
1211 541 1268 620 ita
1291 553 1338 620 ut
1359 539 1714 649 progredientibus

339 659 531 776 supremis
563 653 712 737 inlimae
746 653 1064 766 regrediantur,
1099 664 1142 739 &
1166 657 1213 738 in
1244 657 1326 738 ima
1357 655 1626 740 detrudantur
1660 657 1714 740 sr-

339 775 471 860 nistrae
491 833 502 870 ,
526 771 677 854 dextris
697 773 742 852 in
766 771 907 852 altiora
926 771 1124 884 provesiis
1148 805 1158 852 r
1186 767 1302 886 erd
1323 766 1502 884 Ellipsrm
1522 774 1714 884 praejudi-

338 897 406 978 cio
425 885 686 1004 repellimus?
712 913 810 970 cum
834 895 875 970 ὃ(
894 885 983 970 haec
1007 890 1132 972 unico
1153 884 1281 970 limite
1302 913 1404 970 cavo
1427 889 1576 1000 pariter
1590 917 1717 1004 atque

337 1034 526 1094 convexo
552 1007 596 1086 in
619 997 695 1086 sese
714 1000 912 1090 redeunte
936 996 1237 1115 circumscripta
1266 1005 1311 1090 in
1339 1007 1557 1090 contrarias
1578 1031 1716 1120 partes

339 1129 564 1212 incitetur,
594 1113 714 1202 need
741 1117 846 1204 retii
874 1119 1158 1207 tantummodo
1181 1117 1289 1203 linei
1313 1115 1607 1206 alteruis'auclsl
1625 1151 1714 1204 cre-

279 1281 283 1288 ·
338 1243 515 1342 mentis,
545 1231 844 1348 imminutdque
866 1233 1135 1320 decrementis
1150 1234 1278 1318 altero
1295 1235 1559 1323 terminorum
1578 1233 1715 1350 quies-

341 1384 461 1441 cente
492 1415 504 1450 ,
545 1347 614 1436 sed
644 1351 784 1434 etaiam
818 1350 965 1464 (quod
998 1349 1095 1434 verb
1125 1350 1323 1442 miraculo
1347 1354 1588 1462 proximum
1621 1353 1713 1450 cst)

341 1499 515 1586 utroque
548 1491 731 1553 extremo
761 1460 907 1550 flexilis
936 1463 1053 1550 lineae
1084 1469 1130 1550 in
1156 1466 1260 1550 binis
1288 1463 1480 1578 Ellipseos
1510 1467 1716 1553 umbilicis

338 1587 478 1674 defixo
506 1583 560 1669 ab
600 1577 666 1665 illl
700 1587 745 1664 in
775 1581 875 1664 alios
905 1643 918 1680 ,
952 1611 1078 1698 atque
1116 1579 1221 1696 alios
1239 1579 1411 1694 angulos
1436 1581 1590 1666 finnatri
1620 1583 1714 1686 des·

339 1703 530 1789 cribatur,
1032 1729 1034 1733 ’
1197 1801 1198 1806 Ν

400 1823 488 1914 Ar,
517 1815 684 1928 inquis,
709 1815 754 1896 in
776 1813 943 1899 circulo
980 1811 1261 1900 semidiametri
1291 1841 1422 1928 partes
1456 1815 1611 1900 eodem-
1633 1819 1715 1914 im-

241 1965 253 1996 ·
321 1931 523 2051 ,pellente
546 1923 657 2014 circal
680 1930 869 2016 centrum
895 1935 1055 2044 agitatae
1078 1935 1132 2012 ita
1160 1927 1305 2041 dispari
1337 1927 1552 2014 velocitate
1573 1931 1716 2016 serun-

341 2079 437 2146 tur,
472 2073 519 2129 ut
542 2071 681 2128 earum
706 2045 869 2130 tarditas
900 2075 971 2130 aut
1000 2049 1219 2130 concitatio
1246 2043 1489 2143 intervallo,
1526 2077 1609 2160 quo
1634 2048 1717 2129 fin-

338 2163 446 2278 gulae
472 2159 495 2244 i
523 2189 664 2244 centro
686 2157 859 2259 absunt,
895 2162 943 2244 srt
967 2161 1149 2274 analoga.
1202 2161 1355 2268 Verlsm
1382 2171 1421 2246 ὃ(
1447 2161 1529 2244 hoc
1555 2161 1717 2275 Ellipsr,

339 2311 389 2363 ac
421 2273 785 2393 planorHelicoidi
810 2275 1065 2392 aliquatenits
1091 2307 1164 2392 pro
1199 2272 1268 2360 suo
1300 2275 1468 2362 modulo
1497 2307 1718 2364 commune
1838 2371 1845 2378 ,

339 2393 401 2478 eli
423 2429 434 2489 5
453 2389 734 2478 semidiametri
765 2396 877 2476 enim
906 2399 1158 2480 circumatlae
1183 2393 1332 2508 punsia
1362 2389 1548 2476 dcenrro
1579 2423 1751 2507 remo--

340 2513 444 2594 tiora
463 2507 644 2592 velociiis
668 2505 864 2592 seruntur.
907 2513 1045 2594 Partes
1071 2537 1208 2594 autem
1223 2504 1445 2622 quiescenti
1462 2537 1605 2594 centro
1621 2539 1717 2623 pro-

341 2630 474 2740 piores
507 2621 815 2708 cunsiabundas
842 2631 1033 2724 moveri,
1070 2652 1220 2709 naturae
1248 2652 1321 2736 pro
1352 2622 1504 2708 viribus
1534 2625 1719 2740 opposita

339 2739 655 2825 disterminantis
676 2738 860 2822 instituto
883 2738 1200 2826 consentaneum
1223 2733 1301 2822 else
1328 2769 1450 2824 nemo
1474 2769 1558 2824 non
1579 2741 1716 2840 videt,

342 2859 416 2970 qui
443 2855 673 2940 tarditatem
696 2857 871 3054 interdici
893 2857 1005 2942 videt
1030 2863 1210 2974 quietem
1234 2859 1371 2952 inter»,
1403 2885 1451 2938 ac
1469 2851 1615 2938 ‘motsss
1641 2887 1716 2943 ve-

343 2971 561 3056 locitatem
615 2975 756 3084 Qare
819 2973 1059 3087 pientissimo
1082 2969 1250 3057 consilio
1275 2970 1459 3069 facium,
1487 2997 1533 3052 ut
1558 3001 1716 3070 eorum,

341 3117 434 3202 quae
469 3085 584 3169 firmo
617 3113 728 3170 nexu
754 3084 1126 3172 invicemsolidata
1153 3085 1404 3182 subfistunt,
1437 3085 1502 3169 vel
1532 3093 1715 3198 particu-

344 3201 392 3286 lae
411 3231 552 3286 omncs
580 3203 705 3316 aequis
730 3199 899 3316 passibus
924 3231 1194 3297 moveantur,
1222 3199 1288 3285 vel
1320 3201 1347 3283 fi
1379 3230 1459 3315 qua
1482 3231 1602 3284 morae
1632 3199 1716 3286 dis-

345 3317 541 3434 pendium
569 3313 737 3414 subeat,
770 3317 1032 3403 finitimarum
1064 3315 1285 3416 velocitas,
1313 3313 1465 3400 servati
1491 3311 1624 3432 aliqui
1648 3319 1715 3404 vl.
1823 3335 1830 3424 j
1897 3321 1898 3362 ι

344 3435 522 3518 ciuitatis
542 3430 729 3544 analogii
752 3437 985 3518 minuatur:
1009 3463 1062 3520 ne
1089 3429 1241 3518 scilicet
1265 3429 1391 3516 soluts
1417 3460 1612 3548 compage
1632 3428 1741 3540 dis·

345 3547 488 3632 siliant
855 3579 858 3591 ·
1169 3547 1206 3630 ”.

404 3663 509 3792 Qae
530 3656 631 3748 verb
657 3664 708 3750 ad
725 3663 1018 3780 explicandum
1036 3725 1048 3763 ,
1068 3693 1142 3746 cur
1158 3693 1235 3762 ca,
1257 3691 1347 3778 quac
1365 3691 1507 3747 centro
1529 3667 1718 3778 propiora

343 3777 438 3870 sunt
457 3839 479 3885 „
495 3775 647 3866 tardiiis
674 3783 717 3864 in
735 3798 882 3895 gyrum
900 3808 1277 3895 contorqueantur,
1307 3779 1470 3862 Author
1491 3777 1596 3864 illius
1621 3779 1717 3866 libri

346 3893 501 4010 Qaest.
517 3895 706 3982 mechan.
723 3893 1041 3984 comminiscitur
1058 3899 1112 3986 de
1125 3894 1281 4011 duplici
1296 3923 1412 3987 motu
1428 3956 1440 3994 ,
1457 3894 1627 4013 naturali
1649 3900 1715 3980 vi-

345 4013 522 4105 delicet,
546 4041 592 4092 ac
618 4042 761 4124 praeter
777 4040 986 4112 naturam,
1015 4017 1162 4126 quibus
1190 4021 1342 4096 seratur
1361 4041 1438 4109 ea,
1466 4041 1555 4126 qua:
1580 4016 1717 4098 circus

345 4126 432 4214 lum
451 4123 640 4212 describit
659 4127 767 4236 linea
787 4128 923 4242 (quast
942 4127 1167 4214 breviorem
1187 4127 1336 4212 lineam
1358 4133 1417 4212 vis
1441 4122 1610 4236 majori
1636 4154 1720 4211 tra·

346 4247 475 4330 hente
498 4272 639 4328 centro
668 4243 777 4328 illata
806 4247 934 4356 magis
959 4241 983 4328 al
1005 4243 1178 4330 naturali
1211 4249 1327 4327 mo'tu
1352 4304 1363 4340 ‚
1393 4249 1464 4356 qui
1492 4241 1717 4328 secundlrm

345 4362 606 4472 Tangentem
624 4357 715 4460 est,
747 4358 1009 4449 deflecteret)
1029 4363 1087 4446 ea
1119 4359 1249 4456 sunt,
1281 4390 1370 4475 qua
1398 4357 1592 4444 facillimi:
1621 4388 1714 4442 eor-

343 4503 492 4572 ruant,
523 4484 565 4560 dt
591 4475 762 4562 minime
787 4505 883 4560 cum
904 4476 1130 4562 Aristotelis
1154 4477 1336 4572 doiirini
1358 4477 1618 4572 cohareant,
1641 4477 1715 4586 qui

336 4591 410 4679 lib.
427 4625 460 4672 r.
473 4591 525 4676 de
543 4589 667 4676 Caelo.
687 4587 842 4710 summa
857 4624 899 4698 4
919 4593 1159 4682 circularem
1174 4601 1332 4678 motum
1346 4601 1388 4678 dt
1401 4589 1628 4788 fimphoenal
1636 4649 1647 4700 ,
1668 4599 1713 4675 δι

1287 4719 1299 4764 ¹
1376 4806 1379 4812 ‚
1474 4735 1593 4790 natur
1631 4733 1712 4810 tm,
