3780 5270
370 178 507 320 528.
673 267 678 276 .
864 171 1286 292 Methanicorttm
1321 263 1325 276 ·

438 342 517 422 Par
527 333 604 420 erit
618 333 933 454 philosophandi
949 335 1076 438 ratio,
1098 334 1339 456 srt'ympauit
1354 373 1437 430 non
1450 346 1560 434 idem
1577 373 1764 438 centrum

379 449 629 540 habentibus
644 451 796 540 inclula
809 484 917 570 aqua
937 483 989 540 ex
1008 453 1210 540 interioris
1234 469 1415 579 tympani
1432 465 1695 555 conversione
1711 466 1764 555 ad

377 595 489 680 augu
497 566 592 652 stiae
602 567 822 698 redigatur,
839 597 962 683 atque
973 569 1196 685 'compreffa
1211 581 1459 692 exprimatur
1477 613 1529 666 ex
1544 579 1669 681 tubo3
1686 619 1762 670 cu-

263 688 269 700 ,
373 681 1013 797 julmodifortassefuitveterum
1026 673 1763 808 Hydmcontister'rummeeujusfor·
1864 777 1865 792 ,

378 791 445 888 md
468 796 632 882 nonest
654 794 984 916 hic‘difputandi
1005 799 1120 886 wlotus
1142 837 1154 896 ς
1182 832 1277 888 nam
1305 811 1508 924 manubrij
1535 812 1556 896 d
1579 822 1762 928 potentii

379 919 575 998 commoti
602 911 819 1030 longitudo
841 917 1112 1029 comparanda
1122 917 1187 1002 est
1200 949 1296 1002 cum
1315 923 1502 1038 distantid
1522 935 1763 1046 peripheria

280 1053 283 1061 ¹
367 1033 563 1146 ⁴tympani
577 1058 727 1142 aquam
749 1035 1053 1144 comprimentis
1072 1027 1095 1114 d
1113 1059 1275 1132 centro,
1298 1041 1407 1124 circa
1425 1047 1540 1156 quod
1552 1051 1762 1160 perficitur

377 1173 513 1230 motus
529 1206 543 1242 ,
563 1173 608 1228 ut
623 1150 1061 1233 momentorumRatio
1071 1147 1276 1264 perspeda
1291 1151 1340 1236 fit
1351 1185 1367 1248 5
1378 1161 1649 1272 aquasciiieet
1662 1167 1760 1255 dum

380 1257 627 1374 impellitur,
645 1286 769 1374 atque
787 1266 1044 1376 exprimitur,
1063 1265 1216 1350 refillit.

252 1399 257 1406 ·
315 1454 319 1464 ,
426 1375 508 1464 Ad
520 1376 606 1460 haec
619 1371 741 1488 porrb
753 1374 933 1462 inversus
946 1378 1111 1494 quidam
1123 1383 1224 1466 Axis
1237 1380 1281 1466 in
1295 1391 1544 1500 peritroehio
1558 1393 1650 1481 usus
1664 1431 1760 1488 con·

379 1486 615 1576 fiderandus
627 1489 687 1573 est
705 1495 892 1604 ,quando
908 1495 1099 1601 videlicet
1112 1505 1296 1610 potentia
1311 1533 1396 1586 non
1407 1511 1681 1618 peritrochio,
1695 1515 1759 1606 led
1864 1541 1865 1626 ,

376 1604 452 1720 ipfi
474 1611 553 1692 Axi
568 1668 580 1705 ,
598 1605 847 1719 applicatum
866 1611 908 1692 id
921 1611 1034 1723 quod
1056 1637 1154 1695 tunc
1165 1616 1406 1728 potiffimum
1422 1629 1651 1736 contingit,
1668 1632 1758 1720 cum

379 1728 565 1834 potentia
600 1718 754 1808 viribus
772 1721 978 1821 abundat,
1000 1731 1130 1810 motui
1150 1757 1311 1829 autern,
1341 1740 1412 1848 qui
1436 1737 1678 1828 efficiendus
1690 1751 1760 1850 est,
1864 1761 1865 1832 ;

371 1864 466 1920 ¹non
492 1837 714 1922 admodum
728 1837 873 1922 resistit
889 1868 1059 1954 corpur,
1077 1845 1188 1954 quod
1208 1845 1271 1928 vel
1283 1849 1450 1938 ‘modici
1466 1856 1758 1968 impellendum

380 1948 439 2034 est
453 2011 464 2048 ‚
478 1949 542 2036 vel
558 1955 601 2036 in
613 1949 754 2036 orbem
768 1957 1170 2070 cirpumducendum.
1196 1963 1368 2050 Certum
1378 1971 1529 2081 quippe
1543 1972 1603 2056 eil
1617 2003 1756 2089 poten·

381 2069 480 2148 tiam
499 2066 583 2152 Axi
607 2065 847 2182 applicatam
859 2067 1010 2154 tardibs
1030 2067 1162 2156 multb
1176 2084 1356 2176 moveri,
1380 2083 1502 2192 quim
1519 2089 1755 2212 peritrochij

286 2192 290 2202 “
380 2183 677 2295 peripheriam,
696 2211 770 2292 pro
789 2187 964 2268 Ratione
990 2181 1373 2277 sernidiametrorum
1394 2203 1494 2284 Axis
1518 2213 1561 2286 dt
1578 2211 1752 2294 Peritro-

379 2295 492 2404 chii,
516 2327 564 2380 ac
592 2297 761 2412 proinde
787 2297 886 2388 licet
905 2306 1079 2414 impetus
1095 2303 1298 2418 amplioris
1313 2316 1552 2428 peripheriae
1577 2326 1754 2435 partibus

372 2407 584 2522 impreffirs
601 2409 840 2498 imbecillior
853 2417 1153 2528 quodammodo
1168 2421 1291 2518 lit,ut
1307 2451 1402 2538 pote
1417 2428 1651 2534 distraclus,
1669 2439 1752 2527 satis

363 2551 515 2610 ltamen
528 2521 607 2611 effe
632 2529 684 2613 ad
706 2527 949 2614 vincendam
964 2529 1098 2616 levem
1119 2533 1390 2623 resistentiam.
1428 2543 1545 2632 Hinc
1560 2561 1752 2666 quoniam

374 2637 527 2728 ferrum
542 2645 643 2728 cotis
658 2639 759 2726 tritu
767 2671 1031 2742 extenuatur,
1048 2644 1184 2763 edque
1200 2651 1357 2740 faciliiu·
1368 2717 1381 2754 ,
1393 2657 1479 2772 qud
1501 2665 1676 2754 celeriiu
1687 2705 1749 2756 cos

374 2785 593 2856 movetur,
619 2763 691 2873 qui
717 2755 935 2849 ,restituunt
955 2757 1114 2876 obtusae
1139 2763 1340 2860 cultorum
1364 2803 1436 2858 mu
1464 2785 1751 2874 novacularum

373 2876 505 2996 aclea,
520 2873 696 2989 lapidem
707 2901 758 2956 ex
770 2875 920 2960 cotarid
935 2877 1182 2962 eduilum'in
1198 2880 1352 2970 discum
1370 2897 1603 2997 rotundam,
1617 2930 1663 2984 ut
1673 2911 1746 2987 cir-

209 3029 210 3037 *
256 3067 260 3078 ,
369 3015 423 3070 ta
441 3016 559 3074 axem
584 3017 725 3072 centro
750 2989 922 3074 infixum
941 2989 1129 3078 versatilis
1146 3001 1366 3114 circumagi
1382 3009 1506 3121 poffit.
1552 3017 1748 3135 Qamvis

264 3161 267 3167 a
372 3129 607 3200 autemnon
622 3098 713 3188 rard
733 3099 868 3190 eidem
885 3110 951 3190 axi
971 3112 1172 3194 cohaereat
1185 3115 1458 3221 manubrium,
1475 3155 1559 3240 quo
1575 3139 1747 3220 circum.

374 3217 502 3302 duero
532 3247 685 3312 rotatur
697 3217 818 3334 lapis,
835 3243 882 3303 ut
899 3249 1034 3308 tamen
1050 3229 1195 3310 minori
1204 3223 1341 3316 labore
1350 3238 1489 3324 adhuc
1503 3249 1627 3330 etiam
1639 3253 1744 3336 velo·-

372 3329 461 3420 eilu
478 3361 655 3432 rotetur,
676 3333 873 3448 sapienter
887 3335 1149 3426 instituerunt
1161 3347 1364 3459 amplioris
1378 3382 1472 3437 rotae
1486 3357 1742 3450 abfidiexta-

291 3547 295 3552 ι
370 3475 477 3538 ,ναῑκ
496 3447 639 3533 funem
657 3449 858 3550 infistere,
878 3457 950 3568 qui
967 3455 1139 3540 rotulam
1155 3466 1463 3554 eumdemcum
1480 3469 1616 3590 lapide
1633 3511 1745 3568 axem

369 3561 598 3652 habentem
617 3565 990 3681 circumpleeiatut,
1006 3597 1052 3653 ut
1068 3577 1202 3656 minor
1214 3577 1301 3662 haec
1319 3583 1449 3668 rotula
1465 3591 1671 3704 amplioris
1683 3630 1743 3681 ro-

371 3701 422 3762 tae
435 3681 603 3763 dudum
617 3681 786 3794 sequeus
797 3681 933 3768 secum
948 3689 1097 3800 pariter
1107 3694 1233 3800 rapiat
1249 3723 1382 3780 cotem
1398 3733 1411 3793 ς
1429 3703 1544 3810 cujus
1553 3715 1741 3826 periphe.

369 3791 453 3894 ria,
474 3793 569 3880 clun
598 3797 797 3882 adnexam
821 3783 1000 3884 rotulaul
1019 3800 1138 3889 valde
1161 3812 1358 3908 excedat,
1375 3815 1742 3944 velocibsquoqui

262 3928 269 3971 r
366 3937 569 3998 movetur.
618 3911 832 4029 Qantbm
845 3909 957 4000 verb
974 3947 1109 4004 motus
1127 3919 1219 4024 hic,
1235 3927 1439 4014 celeritate
1457 3929 1540 4036 lui,
1556 3952 1742 4054 potentia

367 4053 526 4126 motum
540 4022 697 4140 superet
713 4089 724 4128 ,
738 4027 860 4126 facile
873 4031 1099 4132 constabit,
1115 4037 1143 4120 sr
1166 4069 1352 4130 motuum
1370 4045 1538 4160 singulis
1554 4059 1739 4144 membris

373 4145 706 4240 'convenientium
726 4143 828 4228 ratio
852 4145 1023 4234 ineatur.
1061 4153 1121 4234 Sit
1146 4186 1209 4241 ex.
1230 4185 1289 4269 gr.
1306 4165 1510 4282 manubrij
1527 4167 1740 4288 iongitudo

168 4291 175 4306 ·
278 4306 282 4317 ·
315 4353 322 4368 ,
367 4257 419 4342 ad
431 4257 633 4372 amplioris
647 4287 742 4342 rotae
759 4257 1098 4350 semidiametrum
1113 4263 1672 4393 subquadrupla,haecautem
1685 4291 1740 4376 fe·

367 4371 623 4474 midiameter
636 4375 688 4458 ad
707 4373 845 4464 rotulae
860 4375 1198 4472 semidiametrum
1221 4389 1443 4509 firsostupla
1459 4433 1469 4478 t
1488 4400 1658 4490 demum
1676 4437 1738 4492 ro.

367 4489 460 4594 pule
477 4489 652 4572 eundem
668 4519 763 4574 cum
780 4521 872 4582 cote
886 4523 1005 4587 axem
1024 4497 1214 4589 habentis
1225 4503 1517 4598 stmidianreter
1530 4521 1580 4602 su
1595 4519 1736 4608 subtri-

364 4604 431 4722 pla
446 4601 729 4732 semidiametri
744 4609 864 4724 ipsms
880 4609 994 4702 cotis.
1032 4613 1316 4735 igiturpuncu
1331 4629 1495 4716 intotis
1509 4640 1737 4754 peripheria

845 4783 846 4794 ¹
1610 4783 1734 4858 notat}
