<?xml version="1.0" encoding="UTF-8"?>
<!DOCTYPE html PUBLIC "-//W3C//DTD XHTML 1.0 Transitional//EN"
    "http://www.w3.org/TR/xhtml1/DTD/xhtml1-transitional.dtd">
<html xmlns="http://www.w3.org/1999/xhtml" xml:lang="en" lang="en">
 <head>
  <title>
</title>
<meta http-equiv="Content-Type" content="text/html;charset=utf-8" />
  <meta name='ocr-system' content='tesseract 3.04.00' />
  <meta name='ocr-capabilities' content='ocr_page ocr_carea ocr_par ocr_line ocrx_word'/>
</head>
<body>
  <div class='ocr_page' id='page_1' title='image "./rppaulicasatipl00casagoog_0108.png"; bbox 0 0 3818 5264; ppageno 0'>
   <div class='ocr_carea' id='block_1_1' title="bbox 146 227 1783 632">
    <p class='ocr_par' dir='ltr' id='par_1_1' title="bbox 146 212 1783 632">
     <span class='ocr_line' id='line_1_1' title="bbox 421 227 1783 395; baseline -0.001 -45"><span class='ocrx_word' id='word_1_1' title='bbox 421 227 802 395; x_wconf 59' lang='lat' dir='ltr'><strong>Liber-primus:</strong></span> <span class='ocrx_word' id='word_1_2' title='bbox 845 237 1058 354; x_wconf 78' lang='lat' dir='ltr'><strong>CAPuT</strong></span> <span class='ocrx_word' id='word_1_3' title='bbox 1080 241 1248 354; x_wconf 84' lang='lat' dir='ltr'><strong>XIII.</strong></span> <span class='ocrx_word' id='word_1_4' title='bbox 1452 248 1515 384; x_wconf 78' lang='lat'><strong>83</strong></span> <span class='ocrx_word' id='word_1_5' title='bbox 1689 235 1692 242; x_wconf 71' lang='grc'><strong><em>’</em></strong></span> <span class='ocrx_word' id='word_1_6' title='bbox 1781 299 1783 306; x_wconf 43' lang='lat'><strong><em>⁴</em></strong></span> 
     </span>
     <span class='ocr_line' id='line_1_2' title="bbox 150 391 1523 516; baseline 0.001 -26"><span class='ocrx_word' id='word_1_7' title='bbox 150 404 285 490; x_wconf 69' lang='lat' dir='ltr'><strong>mento</strong></span> <span class='ocrx_word' id='word_1_8' title='bbox 299 391 553 512; x_wconf 79' lang='lat' dir='ltr'><strong>singulorum</strong></span> <span class='ocrx_word' id='word_1_9' title='bbox 571 427 786 514; x_wconf 84' lang='lat' dir='ltr'><strong>corporum</strong></span> <span class='ocrx_word' id='word_1_10' title='bbox 798 399 1013 510; x_wconf 83' lang='lat' dir='ltr'>gravitates</span> <span class='ocrx_word' id='word_1_11' title='bbox 1027 397 1129 486; x_wconf 68' lang='lat' dir='ltr'><strong>libra</strong></span> <span class='ocrx_word' id='word_1_12' title='bbox 1145 400 1425 516; x_wconf 83' lang='lat' dir='ltr'><strong>expendimus,</strong></span> <span class='ocrx_word' id='word_1_13' title='bbox 1434 433 1523 490; x_wconf 85' lang='lat' dir='ltr'><strong>tan-</strong></span> 
     </span>
     <span class='ocr_line' id='line_1_3' title="bbox 146 513 1534 632; baseline -0.002 -29"><span class='ocrx_word' id='word_1_14' title='bbox 146 546 315 632; x_wconf 84' lang='lat' dir='ltr'><strong>tumque.</strong></span> <span class='ocrx_word' id='word_1_15' title='bbox 331 519 381 599; x_wconf 82' lang='lat' dir='ltr'><strong>iis</strong></span> <span class='ocrx_word' id='word_1_16' title='bbox 392 517 445 604; x_wconf 78' lang='lat' dir='ltr'><strong>ad</strong></span> <span class='ocrx_word' id='word_1_17' title='bbox 465 513 799 601; x_wconf 85' lang='lat' dir='ltr'><strong>descendendum</strong></span> <span class='ocrx_word' id='word_1_18' title='bbox 814 517 962 600; x_wconf 82' lang='lat' dir='ltr'><strong>virium</strong></span> <span class='ocrx_word' id='word_1_19' title='bbox 983 514 1222 614; x_wconf 79' lang='lat' dir='ltr'>tribuimus,</span> <span class='ocrx_word' id='word_1_20' title='bbox 1240 545 1439 632; x_wconf 78' lang='lat' dir='ltr'><strong>quantum</strong></span> <span class='ocrx_word' id='word_1_21' title='bbox 1456 552 1534 608; x_wconf 86' lang='lat' dir='ltr'><strong>rt-.</strong></span> 
     </span>
    </p>
   </div>
   <div class='ocr_carea' id='block_1_2' title="bbox 148 627 1667 748">
    <p class='ocr_par' dir='ltr' id='par_1_2' title="bbox 148 627 1667 748">
     <span class='ocr_line' id='line_1_4' title="bbox 148 627 1667 748; baseline 0.001 -30"><span class='ocrx_word' id='word_1_22' title='bbox 148 633 308 728; x_wconf 79' lang='lat' dir='ltr'><strong>sistunt,</strong></span> <span class='ocrx_word' id='word_1_23' title='bbox 328 661 382 716; x_wconf 88' lang='lat' dir='ltr'><strong>ne</strong></span> <span class='ocrx_word' id='word_1_24' title='bbox 393 631 444 716; x_wconf 89' lang='lat' dir='ltr'><strong>ab</strong></span> <span class='ocrx_word' id='word_1_25' title='bbox 456 629 636 748; x_wconf 62' lang='lat' dir='ltr'><strong>opposed</strong></span> <span class='ocrx_word' id='word_1_26' title='bbox 649 630 759 716; x_wconf 84' lang='lat' dir='ltr'><strong>librae</strong></span> <span class='ocrx_word' id='word_1_27' title='bbox 772 627 889 716; x_wconf 83' lang='lat' dir='ltr'><strong>lance</strong></span> <span class='ocrx_word' id='word_1_28' title='bbox 901 628 1090 716; x_wconf 89' lang='lat' dir='ltr'><strong>deorsum</strong></span> <span class='ocrx_word' id='word_1_29' title='bbox 1105 663 1281 719; x_wconf 80' lang='lat' dir='ltr'><strong>conante</strong></span> <span class='ocrx_word' id='word_1_30' title='bbox 1299 631 1522 724; x_wconf 72' lang='lat' dir='ltr'><strong>eleventur.</strong></span> <span class='ocrx_word' id='word_1_31' title='bbox 1600 685 1603 693; x_wconf 93' lang='lat'>·</span> <span class='ocrx_word' id='word_1_32' title='bbox 1664 697 1667 702; x_wconf 87' lang='lat'><em>-</em></span> 
     </span>
    </p>
   </div>
   <div class='ocr_carea' id='block_1_3' title="bbox 143 746 1615 3410">
    <p class='ocr_par' dir='ltr' id='par_1_3' title="bbox 143 746 1615 3410">
     <span class='ocr_line' id='line_1_5' title="bbox 146 746 1523 865; baseline 0.001 -31"><span class='ocrx_word' id='word_1_33' title='bbox 146 751 297 834; x_wconf 76' lang='lat' dir='ltr'><strong>Eadem</strong></span> <span class='ocrx_word' id='word_1_34' title='bbox 307 751 438 860; x_wconf 81' lang='lat' dir='ltr'><strong>igitur</strong></span> <span class='ocrx_word' id='word_1_35' title='bbox 455 750 516 836; x_wconf 87' lang='lat' dir='ltr'><strong>est</strong></span> <span class='ocrx_word' id='word_1_36' title='bbox 531 750 812 861; x_wconf 71' lang='lat' dir='ltr'><strong>grannanon&#39;s</strong></span> <span class='ocrx_word' id='word_1_37' title='bbox 827 749 975 845; x_wconf 85' lang='lat' dir='ltr'><strong>Rati0,</strong></span> <span class='ocrx_word' id='word_1_38' title='bbox 996 746 1064 833; x_wconf 86' lang='lat' dir='ltr'><strong>seu</strong></span> <span class='ocrx_word' id='word_1_39' title='bbox 1083 749 1361 865; x_wconf 80' lang='lat' dir='ltr'><strong>propensionis</strong></span> <span class='ocrx_word' id='word_1_40' title='bbox 1383 754 1523 838; x_wconf 84' lang='lat' dir='ltr'><strong>adde-</strong></span> 
     </span>
     <span class='ocr_line' id='line_1_6' title="bbox 147 860 1526 980; baseline 0.001 -30"><span class='ocrx_word' id='word_1_41' title='bbox 147 862 448 962; x_wconf 85' lang='lat' dir='ltr'><strong>sceodendntn,</strong></span> <span class='ocrx_word' id='word_1_42' title='bbox 468 895 557 980; x_wconf 84' lang='lat' dir='ltr'><strong>quae</strong></span> <span class='ocrx_word' id='word_1_43' title='bbox 572 865 632 949; x_wconf 90' lang='lat' dir='ltr'><strong>est</strong></span> <span class='ocrx_word' id='word_1_44' title='bbox 651 861 944 948; x_wconf 76' lang='lat' dir='ltr'><strong>resistentiaead</strong></span> <span class='ocrx_word' id='word_1_45' title='bbox 956 860 1259 952; x_wconf 86' lang='lat' dir='ltr'><strong>ascendendum</strong></span> <span class='ocrx_word' id='word_1_46' title='bbox 1273 903 1287 950; x_wconf 69' lang='grc' dir='ltr'>ι</span> <span class='ocrx_word' id='word_1_47' title='bbox 1300 867 1411 950; x_wconf 88' lang='lat' dir='ltr'><strong>Cum</strong></span> <span class='ocrx_word' id='word_1_48' title='bbox 1421 864 1526 953; x_wconf 77' lang='lat' dir='ltr'><strong>verd</strong></span> 
     </span>
     <span class='ocr_line' id='line_1_7' title="bbox 145 977 1525 1098; baseline 0.001 -32"><span class='ocrx_word' id='word_1_49' title='bbox 145 979 407 1066; x_wconf 76' lang='lat' dir='ltr'><strong>refislentiam</strong></span> <span class='ocrx_word' id='word_1_50' title='bbox 422 983 467 1063; x_wconf 87' lang='lat' dir='ltr'><strong>in</strong></span> <span class='ocrx_word' id='word_1_51' title='bbox 485 980 607 1095; x_wconf 86' lang='lat' dir='ltr'><strong>plano</strong></span> <span class='ocrx_word' id='word_1_52' title='bbox 625 980 821 1064; x_wconf 89' lang='lat' dir='ltr'><strong>inclinato</strong></span> <span class='ocrx_word' id='word_1_53' title='bbox 836 979 888 1064; x_wconf 90' lang='lat' dir='ltr'><strong>ad</strong></span> <span class='ocrx_word' id='word_1_54' title='bbox 913 977 1176 1064; x_wconf 84' lang='lat' dir='ltr'><strong>resistentiam</strong></span> <span class='ocrx_word' id='word_1_55' title='bbox 1192 985 1236 1064; x_wconf 87' lang='lat' dir='ltr'><strong>in</strong></span> <span class='ocrx_word' id='word_1_56' title='bbox 1254 984 1525 1098; x_wconf 86' lang='lat' dir='ltr'><strong>perpendicu-</strong></span> 
     </span>
     <span class='ocr_line' id='line_1_8' title="bbox 143 1089 1522 1208; baseline 0.001 -28"><span class='ocrx_word' id='word_1_57' title='bbox 143 1095 214 1181; x_wconf 82' lang='lat' dir='ltr'><strong>lari</strong></span> <span class='ocrx_word' id='word_1_58' title='bbox 228 1091 436 1180; x_wconf 88' lang='lat' dir='ltr'><strong>ostensum</strong></span> <span class='ocrx_word' id='word_1_59' title='bbox 451 1095 498 1180; x_wconf 82' lang='lat' dir='ltr'><strong>su</strong></span> <span class='ocrx_word' id='word_1_60' title='bbox 510 1089 603 1194; x_wconf 78' lang='lat' dir='ltr'><strong>else,</strong></span> <span class='ocrx_word' id='word_1_61' title='bbox 623 1124 667 1180; x_wconf 91' lang='lat' dir='ltr'><strong>ut</strong></span> <span class='ocrx_word' id='word_1_62' title='bbox 678 1095 833 1180; x_wconf 84' lang='lat' dir='ltr'><strong>Radius</strong></span> <span class='ocrx_word' id='word_1_63' title='bbox 842 1094 895 1178; x_wconf 86' lang='lat' dir='ltr'><strong>ad</strong></span> <span class='ocrx_word' id='word_1_64' title='bbox 906 1097 1123 1180; x_wconf 83' lang='lat' dir='ltr'><strong>Secantem</strong></span> <span class='ocrx_word' id='word_1_65' title='bbox 1133 1097 1277 1208; x_wconf 80' lang='lat' dir='ltr'><strong>anguli</strong></span> <span class='ocrx_word' id='word_1_66' title='bbox 1288 1096 1522 1182; x_wconf 83' lang='lat' dir='ltr'><strong>inclinatio-</strong></span> 
     </span>
     <span class='ocr_line' id='line_1_9' title="bbox 147 1209 1524 1323; baseline 0.003 -29"><span class='ocrx_word' id='word_1_67' title='bbox 147 1217 206 1295; x_wconf 84' lang='lat' dir='ltr'><strong>nis</strong></span> <span class='ocrx_word' id='word_1_68' title='bbox 223 1274 240 1310; x_wconf 94' lang='lat'><strong>,</strong></span> <span class='ocrx_word' id='word_1_69' title='bbox 273 1213 356 1296; x_wconf 90' lang='lat' dir='ltr'><strong>hoc</strong></span> <span class='ocrx_word' id='word_1_70' title='bbox 377 1209 437 1294; x_wconf 86' lang='lat' dir='ltr'><strong>est</strong></span> <span class='ocrx_word' id='word_1_71' title='bbox 452 1239 500 1294; x_wconf 86' lang='lat' dir='ltr'><strong>ut</strong></span> <span class='ocrx_word' id='word_1_72' title='bbox 521 1215 606 1297; x_wconf 90' lang='lat' dir='ltr'><strong>BD</strong></span> <span class='ocrx_word' id='word_1_73' title='bbox 630 1211 684 1297; x_wconf 85' lang='lat' dir='ltr'><strong>ad</strong></span> <span class='ocrx_word' id='word_1_74' title='bbox 704 1213 783 1296; x_wconf 85' lang='lat' dir='ltr'><strong>BC</strong></span> <span class='ocrx_word' id='word_1_75' title='bbox 800 1271 812 1308; x_wconf 94' lang='lat'><strong>,</strong></span> <span class='ocrx_word' id='word_1_76' title='bbox 828 1213 905 1294; x_wconf 90' lang='lat' dir='ltr'><strong>erit</strong></span> <span class='ocrx_word' id='word_1_77' title='bbox 931 1217 1080 1323; x_wconf 83' lang='lat' dir='ltr'><strong>pariter</strong></span> <span class='ocrx_word' id='word_1_78' title='bbox 1098 1215 1161 1294; x_wconf 83' lang='lat' dir='ltr'><strong>vit</strong></span> <span class='ocrx_word' id='word_1_79' title='bbox 1185 1210 1463 1300; x_wconf 77' lang='lat' dir='ltr'><strong>descendendi</strong></span> <span class='ocrx_word' id='word_1_80' title='bbox 1479 1217 1524 1298; x_wconf 93' lang='lat' dir='ltr'><strong>in</strong></span> 
     </span>
     <span class='ocr_line' id='line_1_10' title="bbox 146 1323 1522 1528; baseline 0.001 -114"><span class='ocrx_word' id='word_1_81' title='bbox 146 1328 266 1528; x_wconf 62' lang='lat' dir='ltr'><strong>iilam</strong></span> <span class='ocrx_word' id='word_1_82' title='bbox 285 1329 366 1414; x_wconf 85' lang='lat' dir='ltr'><strong>BC</strong></span> <span class='ocrx_word' id='word_1_83' title='bbox 385 1329 438 1412; x_wconf 77' lang='lat' dir='ltr'><strong>ad</strong></span> <span class='ocrx_word' id='word_1_84' title='bbox 454 1331 539 1411; x_wconf 88' lang='lat' dir='ltr'><strong>vim</strong></span> <span class='ocrx_word' id='word_1_85' title='bbox 549 1323 825 1414; x_wconf 83' lang='lat' dir='ltr'><strong>descendendi</strong></span> <span class='ocrx_word' id='word_1_86' title='bbox 840 1330 884 1408; x_wconf 89' lang='lat' dir='ltr'><strong>in</strong></span> <span class='ocrx_word' id='word_1_87' title='bbox 896 1327 1018 1440; x_wconf 85' lang='lat' dir='ltr'><strong>plano</strong></span> <span class='ocrx_word' id='word_1_88' title='bbox 1033 1329 1120 1412; x_wconf 84' lang='lat' dir='ltr'><strong>BD</strong></span> <span class='ocrx_word' id='word_1_89' title='bbox 1131 1387 1145 1426; x_wconf 88' lang='lat'><strong>,</strong></span> <span class='ocrx_word' id='word_1_90' title='bbox 1156 1327 1367 1444; x_wconf 72' lang='lat' dir='ltr'><strong>reciproce</strong></span> <span class='ocrx_word' id='word_1_91' title='bbox 1379 1357 1425 1416; x_wconf 89' lang='lat' dir='ltr'><strong>nt</strong></span> <span class='ocrx_word' id='word_1_92' title='bbox 1438 1333 1522 1416; x_wconf 85' lang='lat' dir='ltr'><strong>IID</strong></span> 
     </span>
     <span class='ocr_line' id='line_1_11' title="bbox 203 1553 1531 1675; baseline 0.002 -33"><span class='ocrx_word' id='word_1_93' title='bbox 203 1559 359 1644; x_wconf 79' lang='lat' dir='ltr'><strong>Eadem</strong></span> <span class='ocrx_word' id='word_1_94' title='bbox 373 1562 528 1642; x_wconf 79' lang='lat' dir='ltr'><strong>ratione</strong></span> <span class='ocrx_word' id='word_1_95' title='bbox 554 1561 598 1641; x_wconf 91' lang='lat' dir='ltr'><strong>in</strong></span> <span class='ocrx_word' id='word_1_96' title='bbox 628 1558 750 1675; x_wconf 86' lang='lat' dir='ltr'><strong>plano</strong></span> <span class='ocrx_word' id='word_1_97' title='bbox 777 1559 868 1643; x_wconf 84' lang='lat' dir='ltr'><strong>CI)</strong></span> <span class='ocrx_word' id='word_1_98' title='bbox 896 1553 1153 1672; x_wconf 84' lang='lat' dir='ltr'><strong>superficiem</strong></span> <span class='ocrx_word' id='word_1_99' title='bbox 1176 1555 1288 1668; x_wconf 75' lang='lat' dir='ltr'><strong>globi</strong></span> <span class='ocrx_word' id='word_1_100' title='bbox 1315 1587 1531 1672; x_wconf 79' lang='lat' dir='ltr'><strong>tangente,</strong></span> 
     </span>
     <span class='ocr_line' id='line_1_12' title="bbox 145 1673 1486 1790; baseline 0.001 -32"><span class='ocrx_word' id='word_1_101' title='bbox 145 1679 357 1788; x_wconf 80' lang='lat' dir='ltr'><strong>gravitatio</strong></span> <span class='ocrx_word' id='word_1_102' title='bbox 373 1679 419 1761; x_wconf 91' lang='lat' dir='ltr'><strong>in</strong></span> <span class='ocrx_word' id='word_1_103' title='bbox 439 1676 532 1758; x_wconf 91' lang='lat' dir='ltr'><strong>CD</strong></span> <span class='ocrx_word' id='word_1_104' title='bbox 554 1677 605 1762; x_wconf 82' lang='lat' dir='ltr'><strong>ad</strong></span> <span class='ocrx_word' id='word_1_105' title='bbox 622 1678 934 1790; x_wconf 84' lang='lat' dir='ltr'><strong>gravitationem</strong></span> <span class='ocrx_word' id='word_1_106' title='bbox 949 1681 992 1754; x_wconf 90' lang='lat' dir='ltr'><strong>in</strong></span> <span class='ocrx_word' id='word_1_107' title='bbox 1007 1673 1330 1786; x_wconf 79' lang='lat' dir='ltr'><strong>perpendiculari</strong></span> <span class='ocrx_word' id='word_1_108' title='bbox 1348 1679 1386 1759; x_wconf 93' lang='lat' dir='ltr'>C</span> <span class='ocrx_word' id='word_1_109' title='bbox 1401 1681 1441 1760; x_wconf 87' lang='lat' dir='ltr'><strong>A</strong></span> <span class='ocrx_word' id='word_1_110' title='bbox 1464 1707 1486 1759; x_wconf 85' lang='lat' dir='ltr'><strong>e</strong></span> 
     </span>
     <span class='ocr_line' id='line_1_13' title="bbox 148 1788 1524 1904; baseline 0.002 -32"><span class='ocrx_word' id='word_1_111' title='bbox 148 1816 190 1872; x_wconf 91' lang='lat' dir='ltr'><strong>nt</strong></span> <span class='ocrx_word' id='word_1_112' title='bbox 215 1793 309 1874; x_wconf 93' lang='lat' dir='ltr'><strong>CD</strong></span> <span class='ocrx_word' id='word_1_113' title='bbox 336 1791 388 1874; x_wconf 85' lang='lat' dir='ltr'><strong>ad</strong></span> <span class='ocrx_word' id='word_1_114' title='bbox 416 1793 511 1875; x_wconf 87' lang='lat' dir='ltr'><strong>CA</strong></span> <span class='ocrx_word' id='word_1_115' title='bbox 532 1825 548 1886; x_wconf 77' lang='lat'><strong>,-</strong></span> <span class='ocrx_word' id='word_1_116' title='bbox 571 1791 632 1876; x_wconf 84' lang='lat' dir='ltr'><strong>est</strong></span> <span class='ocrx_word' id='word_1_117' title='bbox 652 1795 763 1878; x_wconf 89' lang='lat' dir='ltr'><strong>enim</strong></span> <span class='ocrx_word' id='word_1_118' title='bbox 787 1793 878 1875; x_wconf 85' lang='lat' dir='ltr'><strong>cn</strong></span> <span class='ocrx_word' id='word_1_119' title='bbox 905 1792 1052 1874; x_wconf 77' lang='lat' dir='ltr'><strong>secans</strong></span> <span class='ocrx_word' id='word_1_120' title='bbox 1077 1788 1217 1900; x_wconf 81' lang='lat' dir='ltr'><strong>anguli</strong></span> <span class='ocrx_word' id='word_1_121' title='bbox 1249 1788 1524 1904; x_wconf 77' lang='lat' dir='ltr'><strong>inclinationis</strong></span> 
     </span>
     <span class='ocr_line' id='line_1_14' title="bbox 145 1905 1525 2015; baseline 0 -27"><span class='ocrx_word' id='word_1_122' title='bbox 145 1909 235 1992; x_wconf 89' lang='lat' dir='ltr'><strong>DC</strong></span> <span class='ocrx_word' id='word_1_123' title='bbox 250 1910 303 1990; x_wconf 91' lang='lat' dir='ltr'><strong>A.</strong></span> <span class='ocrx_word' id='word_1_124' title='bbox 350 1909 393 1988; x_wconf 74' lang='lat' dir='ltr'><strong>Si</strong></span> <span class='ocrx_word' id='word_1_125' title='bbox 416 1911 529 1990; x_wconf 86' lang='lat' dir='ltr'><strong>enirn</strong></span> <span class='ocrx_word' id='word_1_126' title='bbox 559 1908 732 1993; x_wconf 86' lang='lat' dir='ltr'><strong>dueatur</strong></span> <span class='ocrx_word' id='word_1_127' title='bbox 769 1907 804 1986; x_wconf 90' lang='lat' dir='ltr'>K</span> <span class='ocrx_word' id='word_1_128' title='bbox 824 1911 854 1992; x_wconf 87' lang='lat' dir='ltr'><strong>F</strong></span> <span class='ocrx_word' id='word_1_129' title='bbox 893 1907 1088 2014; x_wconf 86' lang='lat' dir='ltr'><strong>Tangens</strong></span> <span class='ocrx_word' id='word_1_130' title='bbox 1108 1905 1354 2015; x_wconf 73' lang='lat' dir='ltr'><strong>,triangula</strong></span> <span class='ocrx_word' id='word_1_131' title='bbox 1377 1908 1414 1990; x_wconf 95' lang='lat' dir='ltr'>C</span> <span class='ocrx_word' id='word_1_132' title='bbox 1432 1908 1525 2006; x_wconf 77' lang='lat' dir='ltr'><strong>KF,</strong></span> 
     </span>
     <span class='ocr_line' id='line_1_15' title="bbox 147 2018 1524 2134; baseline 0.002 -29"><span class='ocrx_word' id='word_1_133' title='bbox 147 2024 234 2106; x_wconf 89' lang='lat' dir='ltr'><strong>CD</strong></span> <span class='ocrx_word' id='word_1_134' title='bbox 253 2025 293 2106; x_wconf 89' lang='lat' dir='ltr'>A</span> <span class='ocrx_word' id='word_1_135' title='bbox 314 2018 404 2106; x_wconf 79' lang='lat' dir='ltr'><strong>sunt</strong></span> <span class='ocrx_word' id='word_1_136' title='bbox 421 2021 582 2121; x_wconf 86' lang='lat' dir='ltr'><strong>srmiIIa,</strong></span> <span class='ocrx_word' id='word_1_137' title='bbox 601 2021 774 2134; x_wconf 83' lang='lat' dir='ltr'><strong>angulus</strong></span> <span class='ocrx_word' id='word_1_138' title='bbox 787 2024 901 2106; x_wconf 86' lang='lat' dir='ltr'><strong>enim</strong></span> <span class='ocrx_word' id='word_1_139' title='bbox 915 2021 968 2102; x_wconf 86' lang='lat' dir='ltr'><strong>ad</strong></span> <span class='ocrx_word' id='word_1_140' title='bbox 984 2022 1022 2102; x_wconf 88' lang='lat' dir='ltr'>C</span> <span class='ocrx_word' id='word_1_141' title='bbox 1044 2025 1270 2102; x_wconf 87' lang='lat' dir='ltr'><strong>communis</strong></span> <span class='ocrx_word' id='word_1_142' title='bbox 1281 2020 1362 2118; x_wconf 87' lang='lat' dir='ltr'><strong>est,</strong></span> <span class='ocrx_word' id='word_1_143' title='bbox 1376 2029 1419 2106; x_wconf 71' lang='lat' dir='ltr'><strong>dt</strong></span> <span class='ocrx_word' id='word_1_144' title='bbox 1434 2051 1524 2108; x_wconf 85' lang='lat' dir='ltr'><strong>atn-</strong></span> 
     </span>
     <span class='ocr_line' id='line_1_16' title="bbox 144 2135 1526 2254; baseline 0.001 -34"><span class='ocrx_word' id='word_1_145' title='bbox 144 2135 195 2220; x_wconf 86' lang='lat' dir='ltr'><strong>bo</strong></span> <span class='ocrx_word' id='word_1_146' title='bbox 218 2135 454 2248; x_wconf 64' lang='lat' dir='ltr'><strong>redangula</strong></span> <span class='ocrx_word' id='word_1_147' title='bbox 478 2140 530 2224; x_wconf 87' lang='lat' dir='ltr'><strong>ad</strong></span> <span class='ocrx_word' id='word_1_148' title='bbox 557 2141 600 2222; x_wconf 92' lang='lat' dir='ltr'><strong>D</strong></span> <span class='ocrx_word' id='word_1_149' title='bbox 622 2149 664 2223; x_wconf 67' lang='grc' dir='ltr'><strong>ὅ(</strong></span> <span class='ocrx_word' id='word_1_150' title='bbox 681 2145 884 2254; x_wconf 56' lang='lat' dir='ltr'><strong>linquere</strong></span> <span class='ocrx_word' id='word_1_151' title='bbox 909 2159 956 2216; x_wconf 89' lang='lat' dir='ltr'><strong>nt</strong></span> <span class='ocrx_word' id='word_1_152' title='bbox 984 2135 1073 2219; x_wconf 87' lang='lat' dir='ltr'><strong>CK</strong></span> <span class='ocrx_word' id='word_1_153' title='bbox 1091 2135 1142 2218; x_wconf 90' lang='lat' dir='ltr'><strong>ad</strong></span> <span class='ocrx_word' id='word_1_154' title='bbox 1162 2137 1267 2233; x_wconf 84' lang='lat' dir='ltr'><strong>CF,</strong></span> <span class='ocrx_word' id='word_1_155' title='bbox 1284 2139 1339 2220; x_wconf 82' lang='lat' dir='ltr'><strong>ita</strong></span> <span class='ocrx_word' id='word_1_156' title='bbox 1357 2139 1450 2220; x_wconf 72' lang='lat' dir='ltr'><strong>OD</strong></span> <span class='ocrx_word' id='word_1_157' title='bbox 1472 2139 1526 2222; x_wconf 81' lang='lat' dir='ltr'><strong>ad</strong></span> 
     </span>
     <span class='ocr_line' id='line_1_17' title="bbox 144 2250 1529 2364; baseline -0.001 -27"><span class='ocrx_word' id='word_1_158' title='bbox 144 2255 179 2337; x_wconf 81' lang='lat' dir='ltr'>C</span> <span class='ocrx_word' id='word_1_159' title='bbox 192 2257 226 2337; x_wconf 81' lang='lat' dir='ltr'>A</span> <span class='ocrx_word' id='word_1_160' title='bbox 242 2289 256 2347; x_wconf 69' lang='grc' dir='ltr'><strong><em>ς</em></strong></span> <span class='ocrx_word' id='word_1_161' title='bbox 276 2250 342 2338; x_wconf 88' lang='lat' dir='ltr'><strong>sed</strong></span> <span class='ocrx_word' id='word_1_162' title='bbox 361 2259 576 2363; x_wconf 83' lang='lat' dir='ltr'><strong>gravitatio</strong></span> <span class='ocrx_word' id='word_1_163' title='bbox 593 2257 638 2336; x_wconf 89' lang='lat' dir='ltr'><strong>in</strong></span> <span class='ocrx_word' id='word_1_164' title='bbox 658 2254 736 2339; x_wconf 87' lang='lat' dir='ltr'><strong>CF</strong></span> <span class='ocrx_word' id='word_1_165' title='bbox 762 2257 814 2340; x_wconf 80' lang='lat' dir='ltr'><strong>ad</strong></span> <span class='ocrx_word' id='word_1_166' title='bbox 830 2251 1146 2364; x_wconf 85' lang='lat' dir='ltr'><strong>gravitationem·</strong></span> <span class='ocrx_word' id='word_1_167' title='bbox 1158 2253 1207 2332; x_wconf 85' lang='lat' dir='ltr'><strong>in</strong></span> <span class='ocrx_word' id='word_1_168' title='bbox 1230 2252 1317 2335; x_wconf 91' lang='lat' dir='ltr'><strong>CK</strong></span> <span class='ocrx_word' id='word_1_169' title='bbox 1345 2251 1406 2336; x_wconf 82' lang='lat' dir='ltr'><strong>ost</strong></span> <span class='ocrx_word' id='word_1_170' title='bbox 1421 2259 1529 2362; x_wconf 22' lang='lat' dir='ltr'><strong>reci-⁸</strong></span> 
     </span>
     <span class='ocr_line' id='line_1_18' title="bbox 146 2363 1530 2484; baseline 0.001 -34"><span class='ocrx_word' id='word_1_171' title='bbox 146 2367 268 2482; x_wconf 61' lang='lat' dir='ltr'><strong>proce</strong></span> <span class='ocrx_word' id='word_1_172' title='bbox 286 2395 331 2452; x_wconf 85' lang='lat' dir='ltr'><strong>ut</strong></span> <span class='ocrx_word' id='word_1_173' title='bbox 350 2372 387 2453; x_wconf 81' lang='lat' dir='ltr'>C</span> <span class='ocrx_word' id='word_1_174' title='bbox 404 2367 440 2448; x_wconf 83' lang='lat' dir='ltr'>K</span> <span class='ocrx_word' id='word_1_175' title='bbox 457 2371 509 2454; x_wconf 88' lang='lat' dir='ltr'><strong>ad</strong></span> <span class='ocrx_word' id='word_1_176' title='bbox 524 2372 606 2454; x_wconf 84' lang='lat' dir='ltr'><strong>CF</strong></span> <span class='ocrx_word' id='word_1_177' title='bbox 623 2405 632 2449; x_wconf 77' lang='grc' dir='ltr'><strong><em>ε</em></strong></span> <span class='ocrx_word' id='word_1_178' title='bbox 652 2372 779 2484; x_wconf 82' lang='lat' dir='ltr'><strong>igitur</strong></span> <span class='ocrx_word' id='word_1_179' title='bbox 794 2367 1064 2484; x_wconf 86' lang='lat' dir='ltr'><strong>gravitatioin</strong></span> <span class='ocrx_word' id='word_1_180' title='bbox 1073 2363 1196 2480; x_wconf 80' lang='lat' dir='ltr'><strong>plano</strong></span> <span class='ocrx_word' id='word_1_181' title='bbox 1209 2365 1406 2450; x_wconf 79' lang='lat' dir='ltr'><strong>incIInato</strong></span> <span class='ocrx_word' id='word_1_182' title='bbox 1425 2369 1462 2452; x_wconf 93' lang='lat' dir='ltr'>C</span> <span class='ocrx_word' id='word_1_183' title='bbox 1477 2371 1530 2452; x_wconf 76' lang='lat' dir='ltr'>D</span> 
     </span>
     <span class='ocr_line' id='line_1_19' title="bbox 146 2479 1529 2599; baseline 0.004 -33"><span class='ocrx_word' id='word_1_184' title='bbox 146 2481 314 2599; x_wconf 78' lang='lat' dir='ltr'>globum</span> <span class='ocrx_word' id='word_1_185' title='bbox 328 2509 545 2598; x_wconf 76' lang='lat' dir='ltr'><strong>tangente,</strong></span> <span class='ocrx_word' id='word_1_186' title='bbox 559 2486 610 2569; x_wconf 81' lang='lat' dir='ltr'><strong>ad</strong></span> <span class='ocrx_word' id='word_1_187' title='bbox 625 2489 937 2596; x_wconf 78' lang='lat' dir='ltr'><strong>gravitationem</strong></span> <span class='ocrx_word' id='word_1_188' title='bbox 950 2482 993 2562; x_wconf 86' lang='lat' dir='ltr'><strong>in</strong></span> <span class='ocrx_word' id='word_1_189' title='bbox 1008 2479 1333 2594; x_wconf 74' lang='lat' dir='ltr'><strong>perpendiculari</strong></span> <span class='ocrx_word' id='word_1_190' title='bbox 1350 2483 1529 2583; x_wconf 70' lang='lat' dir='ltr'><strong>enen</strong></span> 
     </span>
     <span class='ocr_line' id='line_1_20' title="bbox 147 2599 1427 2686; baseline 0.005 -5"><span class='ocrx_word' id='word_1_191' title='bbox 147 2627 186 2681; x_wconf 88' lang='lat' dir='ltr'><strong>ut</strong></span> <span class='ocrx_word' id='word_1_192' title='bbox 201 2599 297 2686; x_wconf 88' lang='lat' dir='ltr'><strong>CD</strong></span> <span class='ocrx_word' id='word_1_193' title='bbox 315 2601 367 2684; x_wconf 84' lang='lat' dir='ltr'><strong>ad</strong></span> <span class='ocrx_word' id='word_1_194' title='bbox 382 2605 482 2686; x_wconf 86' lang='lat' dir='ltr'><strong>CA.</strong></span> <span class='ocrx_word' id='word_1_195' title='bbox 1423 2601 1427 2608; x_wconf 77' lang='grc'>’</span> 
     </span>
     <span class='ocr_line' id='line_1_21' title="bbox 197 2711 1529 2832; baseline 0.002 -32"><span class='ocrx_word' id='word_1_196' title='bbox 197 2717 317 2806; x_wconf 87' lang='lat' dir='ltr'><strong>Hinc</strong></span> <span class='ocrx_word' id='word_1_197' title='bbox 343 2715 403 2801; x_wconf 86' lang='lat' dir='ltr'><strong>est</strong></span> <span class='ocrx_word' id='word_1_198' title='bbox 427 2714 538 2832; x_wconf 82' lang='lat' dir='ltr'><strong>quod</strong></span> <span class='ocrx_word' id='word_1_199' title='bbox 560 2717 608 2802; x_wconf 90' lang='lat' dir='ltr'><strong>in</strong></span> <span class='ocrx_word' id='word_1_200' title='bbox 624 2716 753 2832; x_wconf 89' lang='lat' dir='ltr'><strong>planis</strong></span> <span class='ocrx_word' id='word_1_201' title='bbox 772 2714 1096 2822; x_wconf 77' lang='lat' dir='ltr'><strong>horizontalibus</strong></span> <span class='ocrx_word' id='word_1_202' title='bbox 1109 2778 1121 2816; x_wconf 93' lang='lat'><strong>,</strong></span> <span class='ocrx_word' id='word_1_203' title='bbox 1133 2743 1226 2832; x_wconf 80' lang='lat' dir='ltr'><strong>quae</strong></span> <span class='ocrx_word' id='word_1_204' title='bbox 1241 2711 1529 2829; x_wconf 73' lang='lat' dir='ltr'><strong>utplurimum</strong></span> 
     </span>
     <span class='ocr_line' id='line_1_22' title="bbox 146 2828 1523 2947; baseline -0.001 -31"><span class='ocrx_word' id='word_1_205' title='bbox 146 2830 368 2930; x_wconf 82' lang='lat' dir='ltr'><strong>habemus,</strong></span> <span class='ocrx_word' id='word_1_206' title='bbox 390 2861 559 2946; x_wconf 87' lang='lat' dir='ltr'><strong>corpora</strong></span> <span class='ocrx_word' id='word_1_207' title='bbox 581 2863 667 2916; x_wconf 85' lang='lat' dir='ltr'><strong>non</strong></span> <span class='ocrx_word' id='word_1_208' title='bbox 684 2828 956 2931; x_wconf 81' lang='lat' dir='ltr'><strong>descendant,</strong></span> <span class='ocrx_word' id='word_1_209' title='bbox 976 2859 1046 2947; x_wconf 78' lang='lat' dir='ltr'><strong>aut</strong></span> <span class='ocrx_word' id='word_1_210' title='bbox 1068 2857 1329 2918; x_wconf 79' lang='lat' dir='ltr'><strong>moveantur:</strong></span> <span class='ocrx_word' id='word_1_211' title='bbox 1345 2835 1523 2944; x_wconf 71' lang='lat' dir='ltr'><strong>quinni-</strong></span> 
     </span>
     <span class='ocr_line' id='line_1_23' title="bbox 148 2942 1543 3064; baseline 0.001 -34"><span class='ocrx_word' id='word_1_212' title='bbox 148 2953 290 3034; x_wconf 83' lang='lat' dir='ltr'><strong>mirum</strong></span> <span class='ocrx_word' id='word_1_213' title='bbox 304 2942 329 3030; x_wconf 74' lang='lat' dir='ltr'><strong>d</strong></span> <span class='ocrx_word' id='word_1_214' title='bbox 341 2951 521 3063; x_wconf 74' lang='lat' dir='ltr'><strong>punsto,</strong></span> <span class='ocrx_word' id='word_1_215' title='bbox 538 2950 582 3031; x_wconf 91' lang='lat' dir='ltr'><strong>in</strong></span> <span class='ocrx_word' id='word_1_216' title='bbox 595 2979 678 3064; x_wconf 90' lang='lat' dir='ltr'><strong>quo</strong></span> <span class='ocrx_word' id='word_1_217' title='bbox 695 2975 818 3060; x_wconf 81' lang='lat' dir='ltr'><strong>grave</strong></span> <span class='ocrx_word' id='word_1_218' title='bbox 835 2946 1051 3046; x_wconf 84' lang='lat' dir='ltr'><strong>statuitur,</strong></span> <span class='ocrx_word' id='word_1_219' title='bbox 1076 2977 1140 3034; x_wconf 83' lang='lat' dir='ltr'><strong>ex.</strong></span> <span class='ocrx_word' id='word_1_220' title='bbox 1169 2975 1228 3059; x_wconf 86' lang='lat' dir='ltr'><strong>gr.</strong></span> <span class='ocrx_word' id='word_1_221' title='bbox 1252 2948 1306 3044; x_wconf 84' lang='lat' dir='ltr'><strong>F,</strong></span> <span class='ocrx_word' id='word_1_222' title='bbox 1326 2947 1455 3030; x_wconf 69' lang='lat' dir='ltr'><strong>dude</strong></span> <span class='ocrx_word' id='word_1_223' title='bbox 1470 2946 1543 3032; x_wconf 89' lang='lat' dir='ltr'><strong>li··</strong></span> 
     </span>
     <span class='ocr_line' id='line_1_24' title="bbox 150 3061 1526 3260; baseline 0.001 -114"><span class='ocrx_word' id='word_1_224' title='bbox 150 3089 226 3146; x_wconf 86' lang='lat' dir='ltr'><strong>neae</strong></span> <span class='ocrx_word' id='word_1_225' title='bbox 255 3071 285 3150; x_wconf 85' lang='lat' dir='ltr'>F</span> <span class='ocrx_word' id='word_1_226' title='bbox 299 3067 338 3148; x_wconf 84' lang='lat' dir='ltr'>A</span> <span class='ocrx_word' id='word_1_227' title='bbox 368 3063 713 3179; x_wconf 75' lang='lat' dir='ltr'><strong>perpendicularis</strong></span> <span class='ocrx_word' id='word_1_228' title='bbox 739 3073 780 3149; x_wconf 75' lang='grc' dir='ltr'><strong>δι</strong></span> <span class='ocrx_word' id='word_1_229' title='bbox 805 3065 893 3150; x_wconf 87' lang='lat' dir='ltr'><strong>FD</strong></span> <span class='ocrx_word' id='word_1_230' title='bbox 926 3066 1120 3176; x_wconf 71' lang='lat' dir='ltr'><strong>Tangeris</strong></span> <span class='ocrx_word' id='word_1_231' title='bbox 1146 3062 1303 3147; x_wconf 83' lang='lat' dir='ltr'><strong>faciunt</strong></span> <span class='ocrx_word' id='word_1_232' title='bbox 1323 3061 1526 3260; x_wconf 62' lang='lat' dir='ltr'><strong>anpuluna</strong></span> 
     </span>
     <span class='ocr_line' id='line_1_25' title="bbox 149 3175 1615 3290; baseline 0.001 -29"><span class='ocrx_word' id='word_1_233' title='bbox 149 3178 278 3264; x_wconf 76' lang='lat' dir='ltr'><strong>DFA.</strong></span> <span class='ocrx_word' id='word_1_234' title='bbox 306 3181 580 3262; x_wconf 82' lang='lat' dir='ltr'><strong>inclinationis</strong></span> <span class='ocrx_word' id='word_1_235' title='bbox 597 3175 702 3264; x_wconf 81' lang='lat' dir='ltr'><strong>oded</strong></span> <span class='ocrx_word' id='word_1_236' title='bbox 722 3206 944 3288; x_wconf 75' lang='lat' dir='ltr'><strong>magnum,</strong></span> <span class='ocrx_word' id='word_1_237' title='bbox 968 3205 1014 3262; x_wconf 90' lang='lat' dir='ltr'><strong>ut</strong></span> <span class='ocrx_word' id='word_1_238' title='bbox 1035 3179 1192 3264; x_wconf 81' lang='lat' dir='ltr'><strong>Radius</strong></span> <span class='ocrx_word' id='word_1_239' title='bbox 1210 3177 1260 3260; x_wconf 84' lang='lat' dir='ltr'><strong>ad</strong></span> <span class='ocrx_word' id='word_1_240' title='bbox 1277 3179 1365 3290; x_wconf 84' lang='lat' dir='ltr'><strong>ejus</strong></span> <span class='ocrx_word' id='word_1_241' title='bbox 1395 3208 1520 3262; x_wconf 87' lang='lat' dir='ltr'><strong>ecan·</strong></span> <span class='ocrx_word' id='word_1_242' title='bbox 1614 3283 1615 3286; x_wconf 4' lang='grc' dir='ltr'><strong><em>Ν</em></strong></span> 
     </span>
     <span class='ocr_line' id='line_1_26' title="bbox 150 3289 1520 3410; baseline 0.004 -37"><span class='ocrx_word' id='word_1_243' title='bbox 150 3319 223 3378; x_wconf 87' lang='lat' dir='ltr'><strong>tem</strong></span> <span class='ocrx_word' id='word_1_244' title='bbox 239 3293 350 3408; x_wconf 70' lang='lat' dir='ltr'><strong>pene</strong></span> <span class='ocrx_word' id='word_1_245' title='bbox 361 3295 566 3378; x_wconf 83' lang='lat' dir='ltr'><strong>infinitam</strong></span> <span class='ocrx_word' id='word_1_246' title='bbox 581 3325 665 3378; x_wconf 90' lang='lat' dir='ltr'><strong>non</strong></span> <span class='ocrx_word' id='word_1_247' title='bbox 679 3291 828 3408; x_wconf 81' lang='lat' dir='ltr'><strong>lrabeat</strong></span> <span class='ocrx_word' id='word_1_248' title='bbox 843 3291 956 3378; x_wconf 92' lang='lat' dir='ltr'><strong>sensu</strong></span> <span class='ocrx_word' id='word_1_249' title='bbox 971 3289 1276 3410; x_wconf 84' lang='lat' dir='ltr'><strong>perceptibilem</strong></span> <span class='ocrx_word' id='word_1_250' title='bbox 1287 3295 1520 3394; x_wconf 81' lang='lat' dir='ltr'><strong>Rationem,</strong></span> 
     </span>
    </p>
   </div>
   <div class='ocr_carea' id='block_1_4' title="bbox 150 3406 1668 3524">
    <p class='ocr_par' dir='ltr' id='par_1_4' title="bbox 150 3406 1668 3524">
     <span class='ocr_line' id='line_1_27' title="bbox 150 3406 1668 3524; baseline 0.006 -35"><span class='ocrx_word' id='word_1_251' title='bbox 150 3409 206 3491; x_wconf 83' lang='lat' dir='ltr'><strong>vel</strong></span> <span class='ocrx_word' id='word_1_252' title='bbox 225 3409 364 3494; x_wconf 86' lang='lat' dir='ltr'><strong>saltem</strong></span> <span class='ocrx_word' id='word_1_253' title='bbox 380 3441 465 3494; x_wconf 91' lang='lat' dir='ltr'><strong>non</strong></span> <span class='ocrx_word' id='word_1_254' title='bbox 484 3439 664 3510; x_wconf 86' lang='lat' dir='ltr'><strong>tantam,</strong></span> <span class='ocrx_word' id='word_1_255' title='bbox 686 3439 732 3493; x_wconf 87' lang='lat' dir='ltr'><strong>ut</strong></span> <span class='ocrx_word' id='word_1_256' title='bbox 745 3413 982 3522; x_wconf 84' lang='lat' dir='ltr'><strong>gravitatio,</strong></span> <span class='ocrx_word' id='word_1_257' title='bbox 1006 3439 1094 3524; x_wconf 84' lang='lat' dir='ltr'><strong>quae</strong></span> <span class='ocrx_word' id='word_1_258' title='bbox 1116 3412 1269 3492; x_wconf 86' lang='lat' dir='ltr'><strong>ratione</strong></span> <span class='ocrx_word' id='word_1_259' title='bbox 1287 3406 1519 3493; x_wconf 81' lang='lat' dir='ltr'><strong>inclinatio·</strong></span> <span class='ocrx_word' id='word_1_260' title='bbox 1666 3491 1668 3498; x_wconf 89' lang='lat'><em>.</em></span> 
     </span>
    </p>
   </div>
   <div class='ocr_carea' id='block_1_5' title="bbox 147 3517 1544 4219">
    <p class='ocr_par' dir='ltr' id='par_1_5' title="bbox 148 3517 1544 3872">
     <span class='ocr_line' id='line_1_28' title="bbox 148 3517 1520 3642; baseline 0.001 -36"><span class='ocrx_word' id='word_1_261' title='bbox 148 3526 204 3606; x_wconf 85' lang='lat' dir='ltr'><strong>nis</strong></span> <span class='ocrx_word' id='word_1_262' title='bbox 219 3524 330 3642; x_wconf 87' lang='lat' dir='ltr'><strong>plani</strong></span> <span class='ocrx_word' id='word_1_263' title='bbox 344 3530 535 3638; x_wconf 78' lang='lat' dir='ltr'><strong>congruit</strong></span> <span class='ocrx_word' id='word_1_264' title='bbox 551 3529 706 3640; x_wconf 85' lang='lat' dir='ltr'><strong>corpori</strong></span> <span class='ocrx_word' id='word_1_265' title='bbox 723 3587 733 3621; x_wconf 90' lang='lat'>‚</span> <span class='ocrx_word' id='word_1_266' title='bbox 752 3555 837 3608; x_wconf 91' lang='lat' dir='ltr'><strong>non</strong></span> <span class='ocrx_word' id='word_1_267' title='bbox 851 3527 1027 3610; x_wconf 86' lang='lat' dir='ltr'><strong>elidatur</strong></span> <span class='ocrx_word' id='word_1_268' title='bbox 1043 3521 1066 3607; x_wconf 76' lang='lat' dir='ltr'><strong>d</strong></span> <span class='ocrx_word' id='word_1_269' title='bbox 1081 3517 1298 3608; x_wconf 73' lang='lat' dir='ltr'><strong>resistentid</strong></span> <span class='ocrx_word' id='word_1_270' title='bbox 1311 3585 1322 3620; x_wconf 92' lang='lat'>‚</span> <span class='ocrx_word' id='word_1_271' title='bbox 1337 3528 1520 3638; x_wconf 76' lang='lat' dir='ltr'><strong>quat-ori-</strong></span> 
     </span>
     <span class='ocr_line' id='line_1_29' title="bbox 149 3637 1544 3763; baseline 0 -42"><span class='ocrx_word' id='word_1_272' title='bbox 149 3663 267 3725; x_wconf 86' lang='lat' dir='ltr'><strong>turex</strong></span> <span class='ocrx_word' id='word_1_273' title='bbox 281 3669 498 3756; x_wconf 87' lang='lat' dir='ltr'><strong>corporum</strong></span> <span class='ocrx_word' id='word_1_274' title='bbox 510 3637 733 3756; x_wconf 71' lang='lat' dir='ltr'><strong>asperitate]</strong></span> <span class='ocrx_word' id='word_1_275' title='bbox 754 3638 1300 3763; x_wconf 74' lang='lat' dir='ltr'><strong>Qaresublatti,autpotilts</strong></span> <span class='ocrx_word' id='word_1_276' title='bbox 1313 3638 1544 3756; x_wconf 60' lang='lat' dir='ltr'><strong>impediti„</strong></span> 
     </span>
     <span class='ocr_line' id='line_1_30' title="bbox 149 3755 1227 3872; baseline -0.004 -32"><span class='ocrx_word' id='word_1_277' title='bbox 149 3760 409 3866; x_wconf 83' lang='lat' dir='ltr'><strong>gravitatione</strong></span> <span class='ocrx_word' id='word_1_278' title='bbox 424 3783 578 3869; x_wconf 78' lang='lat' dir='ltr'><strong>corpus·</strong></span> <span class='ocrx_word' id='word_1_279' title='bbox 588 3755 758 3872; x_wconf 83' lang='lat' dir='ltr'><strong>quiescit</strong></span> <span class='ocrx_word' id='word_1_280' title='bbox 772 3762 816 3839; x_wconf 89' lang='lat' dir='ltr'><strong>in</strong></span> <span class='ocrx_word' id='word_1_281' title='bbox 832 3755 957 3870; x_wconf 80' lang='lat' dir='ltr'><strong>plano</strong></span> <span class='ocrx_word' id='word_1_282' title='bbox 972 3755 1227 3839; x_wconf 82' lang='lat' dir='ltr'><strong>horizontali.</strong></span> 
     </span>
    </p>

    <p class='ocr_par' dir='ltr' id='par_1_6' title="bbox 147 3871 1526 4219">
     <span class='ocr_line' id='line_1_31' title="bbox 197 3871 1522 3984; baseline -0.001 -28"><span class='ocrx_word' id='word_1_283' title='bbox 197 3874 248 3956; x_wconf 84' lang='lat' dir='ltr'><strong>Et</strong></span> <span class='ocrx_word' id='word_1_284' title='bbox 264 3875 352 3958; x_wconf 80' lang='lat' dir='ltr'><strong>haec</strong></span> <span class='ocrx_word' id='word_1_285' title='bbox 370 3871 431 3960; x_wconf 87' lang='lat' dir='ltr'><strong>est</strong></span> <span class='ocrx_word' id='word_1_286' title='bbox 446 3877 572 3971; x_wconf 88' lang='lat' dir='ltr'><strong>ratio,</strong></span> <span class='ocrx_word' id='word_1_287' title='bbox 595 3904 668 3955; x_wconf 86' lang='lat' dir='ltr'><strong>cur</strong></span> <span class='ocrx_word' id='word_1_288' title='bbox 682 3873 926 3958; x_wconf 56' lang='lat' dir='ltr'><strong>violentiam&gt;</strong></span> <span class='ocrx_word' id='word_1_289' title='bbox 939 3871 1234 3970; x_wconf 78' lang='lat' dir='ltr'><strong>determirrans,</strong></span> <span class='ocrx_word' id='word_1_290' title='bbox 1254 3899 1376 3984; x_wconf 82' lang='lat' dir='ltr'><strong>quam</strong></span> <span class='ocrx_word' id='word_1_291' title='bbox 1397 3895 1522 3983; x_wconf 81' lang='lat' dir='ltr'><strong>grave</strong></span> 
     </span>
     <span class='ocr_line' id='line_1_32' title="bbox 147 3982 1521 4104; baseline -0.006 -28"><span class='ocrx_word' id='word_1_292' title='bbox 147 3982 358 4076; x_wconf 76' lang='lat' dir='ltr'><strong>ascendens</strong></span> <span class='ocrx_word' id='word_1_293' title='bbox 381 3991 570 4104; x_wconf 78' lang='lat' dir='ltr'><strong>patitur,</strong></span> <span class='ocrx_word' id='word_1_294' title='bbox 596 3983 870 4101; x_wconf 79' lang='lat' dir='ltr'><strong>allirmpserim</strong></span> <span class='ocrx_word' id='word_1_295' title='bbox 898 3993 942 4070; x_wconf 90' lang='lat' dir='ltr'><strong>in</strong></span> <span class='ocrx_word' id='word_1_296' title='bbox 972 3985 1295 4102; x_wconf 81' lang='lat' dir='ltr'><strong>perpendiculari</strong></span> <span class='ocrx_word' id='word_1_297' title='bbox 1323 3991 1406 4070; x_wconf 75' lang='grc' dir='ltr'><strong>ΒΑ</strong></span> <span class='ocrx_word' id='word_1_298' title='bbox 1426 4015 1521 4101; x_wconf 77' lang='lat' dir='ltr'><strong>pao-</strong></span> 
     </span>
     <span class='ocr_line' id='line_1_33' title="bbox 149 4101 1526 4219; baseline 0.003 -34"><span class='ocrx_word' id='word_1_299' title='bbox 149 4127 224 4185; x_wconf 89' lang='lat' dir='ltr'><strong>ttm</strong></span> <span class='ocrx_word' id='word_1_300' title='bbox 244 4105 380 4202; x_wconf 90' lang='lat' dir='ltr'><strong>GD,</strong></span> <span class='ocrx_word' id='word_1_301' title='bbox 416 4133 543 4219; x_wconf 87' lang='lat' dir='ltr'><strong>quam·</strong></span> <span class='ocrx_word' id='word_1_302' title='bbox 567 4101 766 4189; x_wconf 82' lang='lat' dir='ltr'><strong>abscindit</strong></span> <span class='ocrx_word' id='word_1_303' title='bbox 796 4101 989 4216; x_wconf 72' lang='lat' dir='ltr'><strong>parallelo</strong></span> <span class='ocrx_word' id='word_1_304' title='bbox 1012 4104 1218 4188; x_wconf 85' lang='lat' dir='ltr'><strong>horizonti</strong></span> <span class='ocrx_word' id='word_1_305' title='bbox 1247 4135 1258 4195; x_wconf 77' lang='lat' dir='ltr'><strong>t</strong></span> <span class='ocrx_word' id='word_1_306' title='bbox 1292 4103 1382 4203; x_wconf 68' lang='lat' dir='ltr'><strong>haec</strong></span> <span class='ocrx_word' id='word_1_307' title='bbox 1409 4105 1526 4189; x_wconf 88' lang='lat' dir='ltr'><strong>enim</strong></span> 
     </span>
    </p>
   </div>
   <div class='ocr_carea' id='block_1_6' title="bbox 149 4208 1682 4340">
    <p class='ocr_par' dir='ltr' id='par_1_7' title="bbox 149 4208 1682 4340">
     <span class='ocr_line' id='line_1_34' title="bbox 149 4208 1682 4340; baseline 0.001 -38"><span class='ocrx_word' id='word_1_308' title='bbox 149 4216 325 4306; x_wconf 77' lang='lat' dir='ltr'><strong>mensura</strong></span> <span class='ocrx_word' id='word_1_309' title='bbox 339 4218 509 4340; x_wconf 65' lang='lat' dir='ltr'><strong>physico</strong></span> <span class='ocrx_word' id='word_1_310' title='bbox 525 4249 609 4304; x_wconf 90' lang='lat' dir='ltr'><strong>non</strong></span> <span class='ocrx_word' id='word_1_311' title='bbox 622 4217 822 4335; x_wconf 80' lang='lat' dir='ltr'><strong>discrepat</strong></span> <span class='ocrx_word' id='word_1_312' title='bbox 839 4215 1300 4332; x_wconf 67' lang='lat' dir='ltr'><strong>ived·menfi1rl,quae</strong></span> <span class='ocrx_word' id='word_1_313' title='bbox 1321 4208 1521 4303; x_wconf 82' lang='lat' dir='ltr'><strong>affumen-</strong></span> <span class='ocrx_word' id='word_1_314' title='bbox 1680 4265 1682 4272; x_wconf 70' lang='lat'>=</span> 
     </span>
    </p>
   </div>
   <div class='ocr_carea' id='block_1_7' title="bbox 148 4329 1524 4900">
    <p class='ocr_par' dir='ltr' id='par_1_8' title="bbox 148 4329 1524 4900">
     <span class='ocr_line' id='line_1_35' title="bbox 150 4329 1522 4450; baseline 0.004 -35"><span class='ocrx_word' id='word_1_315' title='bbox 150 4329 328 4434; x_wconf 76' lang='lat' dir='ltr'><strong>daeffet,</strong></span> <span class='ocrx_word' id='word_1_316' title='bbox 348 4336 531 4421; x_wconf 76' lang='lat' dir='ltr'><strong>semente</strong></span> <span class='ocrx_word' id='word_1_317' title='bbox 549 4333 754 4450; x_wconf 71' lang='lat' dir='ltr'><strong>concipiam</strong></span> <span class='ocrx_word' id='word_1_318' title='bbox 770 4333 1080 4420; x_wconf 68' lang='lat' dir='ltr'><strong>redantlineam</strong></span> <span class='ocrx_word' id='word_1_319' title='bbox 1100 4337 1189 4420; x_wconf 79' lang='lat' dir='ltr'><strong>DC</strong></span> <span class='ocrx_word' id='word_1_320' title='bbox 1206 4357 1375 4442; x_wconf 79' lang='lat' dir='ltr'><strong>tangere</strong></span> <span class='ocrx_word' id='word_1_321' title='bbox 1389 4337 1522 4420; x_wconf 83' lang='lat' dir='ltr'><strong>eircu-</strong></span> 
     </span>
     <span class='ocr_line' id='line_1_36' title="bbox 151 4445 1521 4564; baseline 0.001 -32"><span class='ocrx_word' id='word_1_322' title='bbox 151 4445 254 4550; x_wconf 85' lang='lat' dir='ltr'><strong>lnm,</strong></span> <span class='ocrx_word' id='word_1_323' title='bbox 270 4455 385 4564; x_wconf 65' lang='lat' dir='ltr'><strong>cujus</strong></span> <span class='ocrx_word' id='word_1_324' title='bbox 401 4449 694 4538; x_wconf 76' lang='lat' dir='ltr'><strong>semidiamnten</strong></span> <span class='ocrx_word' id='word_1_325' title='bbox 714 4453 760 4539; x_wconf 85' lang='lat' dir='ltr'><strong>stt</strong></span> <span class='ocrx_word' id='word_1_326' title='bbox 774 4449 1007 4564; x_wconf 84' lang='lat' dir='ltr'><strong>millecuplo</strong></span> <span class='ocrx_word' id='word_1_327' title='bbox 1021 4455 1160 4562; x_wconf 81' lang='lat' dir='ltr'><strong>major.</strong></span> <span class='ocrx_word' id='word_1_328' title='bbox 1181 4445 1372 4534; x_wconf 75' lang='lat' dir='ltr'><strong>Mensura·</strong></span> <span class='ocrx_word' id='word_1_329' title='bbox 1388 4449 1521 4564; x_wconf 67' lang='lat' dir='ltr'><strong>siqui·</strong></span> 
     </span>
     <span class='ocr_line' id='line_1_37' title="bbox 148 4561 1522 4684; baseline -0.001 -32"><span class='ocrx_word' id='word_1_330' title='bbox 148 4563 443 4656; x_wconf 73' lang='lat' dir='ltr'><strong>dtmrascennlo·</strong></span> <span class='ocrx_word' id='word_1_331' title='bbox 450 4569 631 4684; x_wconf 61' lang='lat' dir='ltr'><strong>petunda:</strong></span> <span class='ocrx_word' id='word_1_332' title='bbox 642 4565 770 4652; x_wconf 72' lang='lat' dir='ltr'><strong>estex·</strong></span> <span class='ocrx_word' id='word_1_333' title='bbox 779 4561 965 4664; x_wconf 78' lang='lat' dir='ltr'><strong>excelsu,</strong></span> <span class='ocrx_word' id='word_1_334' title='bbox 977 4579 1069 4680; x_wconf 85' lang='lat' dir='ltr'><strong>quo&#39;</strong></span> <span class='ocrx_word' id='word_1_335' title='bbox 1075 4563 1418 4680; x_wconf 81' lang='lat' dir='ltr'><strong>perpendicularis</strong></span> <span class='ocrx_word' id='word_1_336' title='bbox 1434 4569 1466 4650; x_wconf 91' lang='lat' dir='ltr'>E</span> <span class='ocrx_word' id='word_1_337' title='bbox 1481 4569 1522 4656; x_wconf 69' lang='lat' dir='ltr'><strong>la</strong></span> 
     </span>
     <span class='ocr_line' id='line_1_38' title="bbox 149 4675 1524 4800; baseline 0.006 -37"><span class='ocrx_word' id='word_1_338' title='bbox 149 4675 300 4794; x_wconf 75' lang='lat' dir='ltr'><strong>superat</strong></span> <span class='ocrx_word' id='word_1_339' title='bbox 312 4683 795 4800; x_wconf 62' lang='lat' dir='ltr'><strong>perpenrliculatemdss</strong></span> <span class='ocrx_word' id='word_1_340' title='bbox 807 4683 907 4780; x_wconf 73' lang='lat' dir='ltr'><strong>mlle.</strong></span> <span class='ocrx_word' id='word_1_341' title='bbox 918 4687 1029 4770; x_wconf 87' lang='lat' dir='ltr'><strong>enim</strong></span> <span class='ocrx_word' id='word_1_342' title='bbox 1038 4681 1282 4780; x_wconf 76' lang='lat' dir='ltr'><strong>mtervallo,</strong></span> <span class='ocrx_word' id='word_1_343' title='bbox 1297 4713 1381 4796; x_wconf 82' lang='lat' dir='ltr'><strong>qno</strong></span> <span class='ocrx_word' id='word_1_344' title='bbox 1392 4685 1524 4793; x_wconf 72' lang='lat' dir='ltr'><strong>magis</strong></span> 
     </span>
     <span class='ocr_line' id='line_1_39' title="bbox 149 4799 1515 4900; baseline -0.002 -18"><span class='ocrx_word' id='word_1_345' title='bbox 149 4801 328 4888; x_wconf 73' lang='lat' dir='ltr'><strong>nctffitd</strong></span> <span class='ocrx_word' id='word_1_346' title='bbox 337 4831 504 4900; x_wconf 87' lang='lat' dir='ltr'><strong>centro,</strong></span> <span class='ocrx_word' id='word_1_347' title='bbox 520 4799 710 4887; x_wconf 87' lang='lat' dir='ltr'><strong>ascendit.</strong></span> <span class='ocrx_word' id='word_1_348' title='bbox 1195 4799 1229 4880; x_wconf 88' lang='lat' dir='ltr'>L</span> <span class='ocrx_word' id='word_1_349' title='bbox 1277 4833 1297 4881; x_wconf 86' lang='lat'>2</span> <span class='ocrx_word' id='word_1_350' title='bbox 1316 4803 1319 4809; x_wconf 80' lang='grc'><strong>’</strong></span> <span class='ocrx_word' id='word_1_351' title='bbox 1382 4869 1400 4880; x_wconf 86' lang='grc'><strong>.,</strong></span> <span class='ocrx_word' id='word_1_352' title='bbox 1508 4822 1515 4878; x_wconf 79' lang='lat'>1</span> 
     </span>
    </p>
   </div>
   <div class='ocr_carea' id='block_1_8' title="bbox 0 0 1920 5264">
    <p class='ocr_par' dir='ltr' id='par_1_9' title="bbox 0 0 1920 5264">
     <span class='ocr_line' id='line_1_40' title="bbox 0 0 1920 5264; baseline 0 0"><span class='ocrx_word' id='word_1_353' title='bbox 0 0 1920 5264; x_wconf 95' lang='lat' dir='ltr'><strong> </strong></span> 
     </span>
    </p>
   </div>
  </div>
 </body>
</html>
