3834 5272
404 221 514 333 35¹4
788 233 797 302 3
892 172 1311 300 Mecsant‘corum
1403 269 1411 290 s
1528 273 1540 302 .

389 335 495 430 oded
509 337 722 436 extenuari
736 333 1043 455 potest‚tttjam
1065 333 1250 453 superare
1264 351 1348 426 non
1358 337 1488 428 valeat
1499 364 1773 435 extremorum
1886 329 1887 376 ³

390 458 619 586 ponderum
643 452 949 542 ascendentium
967 462 1176 542 momenta
1200 459 1317 540 antra
1332 482 1569 554 moment0,
1588 464 1702 577 quod
1725 493 1772 550 ex
1797 473 1800 484 '

391 603 567 692 partium
578 571 775 660 conflidu
784 570 914 682 oritur
922 605 934 666 5
949 575 1021 688 qui
1037 569 1252 659 condidus
1266 571 1294 656 fi
1306 603 1390 664 non
1402 569 1552 660 adesset
1562 605 1773 690 ,pergeret

388 687 492 778 illud
506 683 963 776 adhue-descendendo.
1008 687 1274 828 Proptereast
1301 685 1520 776 claviculos
1540 687 1646 806 ipsos
1670 723 1770 777 con-

301 817 305 826 ’
388 803 630 924 gruentibu's
649 791 791 889 rotulis
810 800 981 902 inseras,
1000 803 1107 888 adeo
1130 831 1175 887 ut
1191 801 1399 889 funiculus
1420 833 1625 893 excavatae
1642 806 1770 896 abstdi

386 921 559 1012 instdeat
580 917 741 1030 ,longe
761 919 965 1028 majorem*
979 947 1138 1006 ntorum
1161 913 1399 1034 facilidsque
1418 921 1564 1034 persici
1591 923 1771 1022 videbis,

381 1033 523 1128 ,minsis
539 1039 652 1122 enim
671 1029 803 1132 rotula
824 1063 922 1122 cum
948 1030 1017 1121 suo
1046 1064 1122 1120 axe
1149 1033 1338 1148 confligit
1364 1097 1375 1134 ,
1408 1034 1534 1152 quim
1562 1039 1770 1126 funiculus

389 1185 485 1246 eum
505 1143 739 1250 claviculo,
753 1149 782 1234 si
796 1149 914 1236 illurn
927 1177 1053 1244 terats
1078 1159 1120 1236 δέ
1142 1151 1309 1266 quidem
1322 1145 1409 1267 qud
1424 1155 1686 1268 majotfuerit
1707 1189 1769 1242 ro*

388 1271 499 1372 cula,
518 1267 627 1352 circa
653 1266 832 1358 eundem
856 1295 976 1360 exem
999 1255 1158 1353 sacilibs
1184 1264 1389 1362 volvitur,
1412 1273 1547 1352 minor
1569 1268 1769 1386 siquidem

387 1392 563 1506 partium
580 1387 696 1480 tritus
714 1381 789 1480 sit,
813 1382 841 1468 st
857 1411 1003 1467 extera
1022 1385 1158 1464 omnia
1181 1380 1257 1464 stnr
1269 1385 1390 1496 paria.
1436 1383 1563 1490 Simili
1587 1389 1716 1472 modo
1743 1392 1767 1475 st

386 1489 547 1620 pondus
573 1499 756 1598 medium
778 1491 1002 1614 plusae'quo
1021 1525 1092 1612 per
1116 1499 1198 1582 virn
1221 1495 1450 1612 deprimas,
1470 1497 1629 1586 sacifilts
1650 1501 1766 1590 suum

380 1629 431 1706 'in
447 1618 586 1722 locum
603 1611 752 1703 redibit
773 1611 967 1700 adhibitis
985 1609 1124 1698 rotulis
1141 1673 1153 1712 ,
1171 1609 1294 1740 quim
1313 1611 1339 1697 st
1358 1613 1565 1701 funiculus
1588 1617 1766 1704 clavicu-

384 1733 434 1820 lis
447 1732 664 1818 inststeret:
678 1725 775 1845 quia
784 1729 965 1845 pondera
977 1753 1158 1814 extrema
1172 1733 1354 1844 inperare
1371 1759 1454 1813 non
1469 1729 1604 1816 valent
1623 1745 1666 1820 ὅ(
1679 1763 1766 1848 gra-

383 1855 556 1935 vitatem
569 1844 761 1959 ponderis
778 1843 902 1954 medij
919 1855 959 1931 &
973 1845 1335 1958 impedimentum,
1354 1845 1464 1958 quod
1478 1852 1606 1932 oritur
1617 1879 1668 1934 ex
1686 1881 1766 1958 maf

380 1966 460 2080 jori
477 1959 761 2059 tritusuniculi
785 1973 827 2046 δι
843 1958 1157 2056 clericulorum,
1174 1955 1537 2074 qudm‘rotularnnt
1556 1973 1597 2050 ὃ(
1614 1965 1763 2052 axium.

385 2077 631 2166 Observabis
657 2073 1001 2162 etiamadhibitis
1027 2073 1166 2160 rotulis
1191 2075 1350 2190 pondus
1382 2076 1563 2162 medium
1594 2079 1667 2164 sibi
1691 2095 1763 2176 're-

381 2195 524 2280 littam
541 2221 654 2279 tanto
668 2187 823 2309 impetu
840 2188 864 2275 d
881 2189 988 2276 lined
1008 2185 1213 2276 horizonti
1223 2187 1416 2305 paralleli
1430 2189 1703 2296 descendere,
1720 2229 1763 2284 ut

382 2342 437 2415 ex
456 2339 658 2426 concepto
674 2313 831 2422 impetu
856 2305 956 2390 fines
976 2304 1063 2390 suos
1083 2305 1297 2402 transiliat,
1314 2335 1361 2389 ac
1377 2305 1533 2392 idcireo
1553 2311 1764 2402 desinente

381 2423 562 2542 impetu',
578 2453 703 2542 quem
718 2423 764 2509 in
776 2450 892 2508 motu
914 2420 1152 2538 acquisivit,
1169 2420 1318 2506 iterum
1328 2417 1487 2546 sursum
1504 2423 1611 2510 enni
1627 2427 1680 2512 ab
1695 2461 1765 2514 ex-

381 2547 518 2630 tremis
531 2539 805 2657 ponderibus,
821 2567 910 2652 quae
929 2538 1029 2622 ficut
1041 2541 1239 2622 minorem
1255 2539 1475 2622 Rattonem
1488 2539 1700 2628 habebant
1711 2547 1761 2630 td

379 2661 618 2772 gravitatem
636 2651 971 2770 ponderistnedij
990 2657 1148 2738 audam
1170 2657 1325 2766 impetu
1344 2655 1571 2770 acquisito,
1593 2661 1651 2742 ita
1671 2691 1761 2748 nta-

378 2779 509 2885 jurem
522 2775 742 2860 Rationem
763 2769 917 2856 habent
929 2765 1388 2883 adearrdem'spoliatant
1400 2767 1478 2860 allo
1493 2773 1666 2888 impetu.

439 2883 566 2974 Porrb
584 2888 673 2974 haec
695 2914 784 3002 quae
801 2886 997 2972 haetenus
1014 2886 1066 2970 de
1079 2884 1258 2998 pondere
1270 2889 1313 2968 in
1326 2882 1462 2972 medis
1474 2885 1594 3000 plane
1609 2889 1759 2975 distan-

380 3000 436 3088 tid
457 3003 565 3088 inter
582 2999 800 3094 claviculos
823 3029 894 3084 aut
917 2999 1067 3084 rotulas
1089 2997 1309 3082 constituto
1323 2995 1430 3084 dina
1448 2998 1541 3087 sunt
1565 3013 1577 3099 ,
1605 3003 1760 3090 intelli-

380 3121 514 3234 genda
527 3116 618 3204 sunt
636 3121 784 3232 pariter
800 3117 851 3202 de
864 3116 1044 3230 pondere
1064 3113 1354 3206 claviculorurn
1380 3114 1639 3202 intervallum
1661 3121 1761 3204 inae-

380 3235 553 3352 qualiter
572 3233 812 3328 dividente,
835 3233 945 3345 quod
968 3229 1135 3343 quidem
1155 3225 1306 3344 spedat·
1327 3233 1378 3317 ad
1398 3231 1667 3348 aequilibrium
1690 3266 1761 3330 aut

379 3349 798 3466 preponderationen't
808 3375 971 3460 propter
983 3349 1206 3431 Rationum
1215 3347 1484 3462 aequalitatem
1498 3354 1760 3468 autinaequa·

270 3509 271 3513 Ν
379 3469 565 3552 litatem·
591 3462 801 3550 Peculiare
818 3489 952 3544 tamen
966 3459 1122 3574 aliquid
1140 3459 1435 3574 observandtun
1456 3462 1542 3562 est,
1566 3469 1760 3552 videlicet

378 3577 600 3701 aliquando
626 3583 901 3691 contingere,
934 3577 1090 3672 uthoc
1120 3579 1300 3692 pondere
1321 3579 1457 3665 medio
1484 3577 1758 3672 descendente

343 3776 346 3784 .
378 3699 537 3818 pondus
554 3700 785 3814 proximum
797 3689 1006 3792 ascendat,
1030 3722 1232 3778 remotum
1249 3688 1349 3778 verb
1368 3691 1614 3796 descendat,
1639 3701 1756 3786 utrd·

378 3843 461 3930 que
473 3841 612 3898 autern
625 3811 804 3926 pondere
819 3837 1003 3894 extremo
1020 3805 1262 3894 ascendente
1275 3805 1632 3921 nragisascendere
1677 3819 1776 3920 uod⁸

376 3934 606 4048 proximum
618 3927 703 4023 est,
722 3923 858 4024 minits
876 3926 987 4039 quod
1002 3951 1212 4037 remotum.
1231 3926 1381 4036 ,Hujus
1397 3925 1603 4040 inaequalis
1620 3847 1759 4016 ascen·
1798 3977 1801 3986 ·

372 4041 440 4132 sds
462 4045 514 4142 (st
546 4043 703 4160 pondus
728 4041 909 4126 medium
933 4041 1039 4124 redii
1068 4041 1121 4128 ad
1144 4035 1480 4155 perpendiculum
1507 4039 1756 4148 descendat)
1819 4073 1826 4085 ’

375 4159 492 4246 causa
509 4167 554 4244 in
575 4186 765 4276 promptu
784 4155 844 4240 est
863 4185 913 4240 ex
936 4155 1011 4256 iit,
1030 4185 1118 4272 quae
1135 4165 1298 4271 propi.
1326 4154 1503 4242 indicata
1525 4155 1641 4261 sunt,
1662 4194 1756 4248 narn

373 4275 554 4380 eiusdem
576 4277 803 4388 Tangemis
823 4271 1019 4391 quadrato
1033 4271 1202 4386 aeqnalia
1227 4271 1343 4368 sunt,
1364 4299 1489 4388 atque
1504 4271 1611 4360 adeb
1634 4289 1675 4364 δι
1693 4285 1754 4362 in-

374 4420 435 4482 ter
453 4385 493 4478 se
503 4391 694 4506 aequalia,
716 4387 977 4500 reilangula,
1004 4417 1091 4502 qun
1110 4388 1215 4470 fiunt
1239 4385 1498 4504 sub‘Excessu
1520 4387 1753 4482 secantis&

372 4509 595 4621 aggregato
613 4505 842 4592 secantis&
854 4505 976 4610 Radij
995 4542 1005 4586 ε
1032 4501 1123 4587 sunt
1139 4507 1266 4618 igitur
1279 4535 1329 4588 ex
1347 4534 1409 4611 14.
1423 4503 1493 4588 lib.
1510 4516 1546 4589 6.
1561 4507 1754 4595 Excessus

366 4620 596 4716 secantium
613 4620 819 4742 reciproce
834 4625 877 4708 in
895 4624 1072 4708 Ratione
1084 4645 1399 4738 aggregatorum
1419 4617 1590 4710 secantis
1606 4635 1650 4713 δι
1662 4630 1752 4712 Ra-

1666 4743 1749 4856 dij:
