3794 5266
337 222 468 356 460·
546 129 550 135 Ι
663 263 667 270 ·
810 187 1230 320 Methanicomm
1348 225 1378 251 ²·

338 404 384 462 to
398 397 499 490 opus
517 361 605 466 est,
625 392 672 452 ut
694 363 872 476 interjici
891 359 1021 449 valeat
1045 385 1202 454 remus,
1227 343 1529 483 commodeque
1543 351 1704 468 agitari:

335 513 554 580 externam
561 509 699 568 autem
713 484 857 571 additae
874 475 1019 565 tabule
1040 504 1151 560 oram
1166 469 1318 556 ambiat
1329 469 1502 568 limbus,
1520 499 1575 554 ue-
1586 470 1708 560 facile

339 633 410 726 pes
420 597 577 686 labatur
583 629 597 694 5
613 597 784 684 alterum
800 602 910 683 enim
922 593 1068 710 pedem
1081 586 1224 676 tabuiae
1234 647 1246 685 ,
1256 586 1430 673 alterum
1441 583 1587 690 scalmo
1601 617 1709 674 tom·

338 719 464 812 mode
478 715 688 829 imponere
704 719 854 830 poterit
865 737 1015 796 remex.
1043 704 1166 792 Remi
1175 701 1477 818 longitudinem
1491 702 1638 788 definit
1654 703 1712 789 ai·

868 823 1002 911 titudo
1018 819 1152 907 scalmi
1166 817 1252 904 fere
1269 816 1384 935 supra
1399 822 1511 903 navis
1523 817 1710 919 fundum,

860 943 999 1028 addita
1027 938 1225 1022 mediocri
1258 935 1437 1021 hominis
1465 931 1710 1030 altitudines

861 1055 1024 1256 ipsipue.
1044 1055 1142 1138 remi
1171 1055 1294 1164 capiti
1310 1048 1559 1162 cyiindrtrius
1579 1047 1708 1134 trans·

864 1203 937 1260 ver
952 1167 1058 1254 arius
1075 1165 1347 1282 injicitur,ita
1360 1193 1517 1265 tamen,
1527 1170 1629 1249 utin
1640 1193 1712 1251 eo·

866 1289 962 1376 dem
988 1284 1109 1403 plano
1126 1286 1356 1368 inveniatur
1374 1307 1472 1366 eum
1494 1285 1595 1366 remi
1618 1283 1713 1396 pai·

866 1399 978 1493 muli
997 1437 1007 1484 t
1033 1394 1285 1514 apprehenso
1303 1395 1333 1482 fi
1359 1396 1527 1512 quidem
1545 1399 1717 1513 utrique

869 1519 1035 1628 remigis
1049 1545 1174 1603 manu
1187 1515 1288 1600 hinc
1304 1522 1347 1602 &
1357 1513 1458 1600 hinc
1474 1511 1719 1624 cylitiriroio,

870 1629 1056 1752 palmulae
1095 1627 1287 1746 planities
1321 1655 1439 1744 aquae
1470 1628 1716 1730 obvertitur,

872 1748 1046 1863 eimque
1074 1745 1245 1862 impellit
1265 1777 1295 1839 ς.
1308 1741 1561 1860 apprehensi
1582 1771 1718 1833 autem

872 1865 1170 1951 auertentem
1186 1865 1469 1956 extremitate,
1488 1859 1571 1944 five
1585 1866 1645 1962 A,
1663 1861 1719 1944 sr-

874 2009 927 2066 ve
952 1987 1006 2078 B,
1026 1977 1191 2094 quando
1217 1978 1436 2060 retrahitur
1455 2003 1616 2078 remus,
1633 1975 1719 2094 pei·

1845 1721 1847 1814 i

1847 1819 1848 1902 i

1848 1917 1849 1990 r

871 2093 983 2185 mula
1005 2095 1091 2177 DE
1111 2119 1258 2208 aquam
1285 2089 1432 2188 findit,
1463 2103 1505 2178 δι
1530 2093 1591 2178 est
1613 2121 1718 2210 quo-
1850 2112 1851 2168 r

873 2209 1094 2298 dammodo
1110 2203 1466 2324 parallelaeariuae.
1498 2197 1739 2324 Duplitem'

877 2331 1003 2440 igitur
1023 2351 1183 2408 motum
1193 2321 1531 2410 remoconeiliate
1547 2351 1718 2452 oportet,
1853 2406 1854 2442 Ν

190 2394 216 2494 Ἰ
278 2525 284 2530 .
350 2433 1722 2564 alterumquidemipuppiadproram,&viciffim,cirmscilicettm·

350 2563 589 2682 pellitur,&
604 2555 842 2652 retrahitur,
855 2557 1026 2641 alterum
1040 2547 1141 2639 verit
1162 2557 1269 2639 circa
1284 2549 1398 2640 suum
1414 2585 1532 2641 axem
1543 2555 1722 2670 iongitu·
1855 2602 1856 2656 r

352 2668 1723 2786 dinis,utconvertaturnuncadjmpellendam,uuncadstudendum

352 2825 512 2910 aquam.
528 2797 684 2882 Primus
697 2813 831 2873 motus
840 2786 1064 2901 perficitur,
1077 2785 1103 2867 fi
1116 2784 1248 2870 ferreo
1260 2783 1414 2870 circulo
1430 2787 1503 2872 HI
1519 2793 1648 2876 remus
1659 2788 1722 2874 in·

344 2909 615 2998 .seraturduos
627 2899 738 3018 polos
751 2897 1534 3018 habenti5quorumalterscalmumatlter
1545 2905 1723 2990 additam

353 3023 531 3120 tabulam
545 3017 797 3134 ingrediatur
816 3015 924 3111 (stre
941 3015 1074 3130 potiiu
1089 3045 1289 3102 excavatae
1305 3045 1497 3130 congruae
1511 3047 1641 3104 crenae
1657 3027 1721 3104 in-

354 3139 564 3237 cumbant,
576 3131 790 3222 uteritrahi
808 3159 882 3245 pro
895 3132 1011 3218 iihito
1022 3133 1181 3248 poffint)
1200 3131 1361 3246 sintque
1370 3133 1490 3220 facile
1503 3135 1720 3222 versatiles:

259 3303 261 3308 ·
355 3283 490 3344 remus
515 3251 626 3337 enim
640 3254 683 3334 in
697 3247 841 3334 eodem
863 3247 984 3362 plano
1000 3245 1185 3334 verticuli
1197 3244 1351 3362 semper
1365 3247 1540 3335 existens
1553 3249 1723 3367 deprimi

265 3373 269 3380 “
354 3367 501 3490 potest,
513 3395 558 3451 ut
575 3367 831 3452 horizontem
846 3362 981 3450 turaias
992 3362 1349 3476 inclinetur,atque
1360 3368 1508 3474 iterum
1517 3365 1665 3452 eierari
1675 3395 1723 3452 ac

353 3485 569 3574 etiamino
598 3481 764 3597 positam
773 3467 1135 3596 parteminelinari.
1158 3479 1369 3586 Secundus
1380 3507 1514 3566 autern
1525 3483 1722 3573 motusfa·

356 3597 510 3696 tillime
524 3600 577 3686 ha
632 3624 719 3693 tur,
734 3587 1254 3682 srremoferreusrotundut
1266 3591 1487 3682 eiaoiculus
1505 3603 1534 3686 F
1553 3598 1720 3707 adjicia-

357 3745 425 3806 tur
434 3711 576 3800 circuli
605 3715 682 3796 HI
699 3708 943 3826 superiorem
961 3738 1115 3826 partem
1134 3711 1403 3822 contingensr
1420 3713 1592 3828 impedit
1602 3720 1720 3816 enim,

357 3857 556 3926 iteremus
573 3821 758 3914 deorsum
770 3826 1023 3942 prolabatur,
1037 3821 1225 3942 adeoque
1239 3824 1354 3910 nullo
1366 3826 1504 3913 labore
1520 3835 1721 3916 converti·

358 3937 1723 4058 turcircaaxemsuaelongitudinisremus,dimissiaherutrticylio-

274 4081 277 4090 ’
358 4062 468 4150 druli
486 4061 855 4157 ABextremitate‚
870 4059 1036 4174 quando
1047 4058 1280 4144 retrahitur.
1293 4053 1511 4144 Inventum
1524 4061 1605 4146 hoc
1616 4063 1725 4148 rudi-

359 4207 421 4274 ter
434 4173 680 4293 propositum
693 4169 898 4288 expolire,
914 4201 955 4260 at
986 4204 1037 4258 ue
1047 4173 1273 4262 accuratius
1286 4175 1472 4272 excolere
1481 4183 1651 4290 pote'ih,
1667 4185 1728 4263 iu·

359 4289 525 4411 geniose
550 4293 722 4388 letior,
742 4295 813 4405 qui
833 4205 991 4376 fortassqe
1016 4287 1085 4375 tui
1105 4287 1299 4378 industrii
1321 4286 1724 4405 consequerinioem

358 4412 463 4510 mihi
478 4412 662 4520 ignotam
684 4435 814 4494 remos
835 4403 892 4494 ita
913 4403 1185 4522 disponendi,
1214 4435 1260 4488 ut
1271 4437 1408 4494 remex
1427 4431 1533 4491 unua
1550 4409 1729 4528 pimthut

359 4519 754 4639 mutis'aequivaleat,
765 4524 1111 4644 quemadmodum
1123 4524 1176 4613 de
1189 4523 1420 4614 Sinenfibus
1431 4551 1630 4611 narratur.

1491 4695 1723 4867 ,CAPUT
