3800 5266
299 315 300 318 γ
416 213 813 374 Liberquintus.
868 221 1080 338 CAPUT
1105 229 1204 338 Vl.
1395 273 1496 372 543

128 411 215 468 rum
240 376 505 469 contentione
527 380 669 494 perlici
683 377 842 496 vpolictt
859 377 926 469 std
945 380 1017 468 ubi
1039 383 1147 469 funis
1166 380 1278 472 labro
1297 388 1500 492 innititur,

127 529 209 584 non
227 496 355 584 sollum
375 502 577 582 contentis
592 496 853 584 brachiorum
872 495 1063 584 musculis
1082 501 1251 588 trahunt
1266 563 1278 600 ,
1296 501 1502 594 sedetiam

127 613 320 701 inclinato
347 611 561 700 retrorsum
587 614 864 730 corpoteboc
894 613 1078 700 effititmt
1103 679 1116 716 ‚
1143 645 1191 700 ut
1212 616 1293 734 ipsa
1321 625 1501 738 corporis

128 737 297 848 grauitas
324 724 524 818 nonnihil
559 731 778 828 conferat,
807 761 892 846 quo
915 737 1108 846 potentin
1139 733 1320 818 animalis
1345 737 1499 826 viribus

131 851 198 932 fiat
223 847 557 934 additamentum.
600 851 662 932 Ex
686 875 771 962 quo
791 847 1052 933 manifestum
1071 848 1132 934 est
1156 849 1417 938 resrstentiam
1444 853 1496 937 il-

129 965 206 1048 lam
220 991 271 1046 ex
288 962 481 1076 ptcllione
498 989 628 1048 ortam
647 973 690 1050 bc
707 959 978 1054 difficiliorem
991 961 1151 1050 efficere
1176 969 1437 1066 tlailionem,
1455 979 1498 1056 &

131 1076 349 1170 faciliorem
361 1083 632 1164 retentionem
656 1115 665 1159 t
689 1106 738 1160 ac
754 1080 925 1190 proinde
942 1075 1094 1192 lapsum
1107 1105 1289 1194 putarem
1304 1143 1316 1179 ,
1333 1087 1404 1196 qui
1419 1111 1501 1176 tra-

131 1195 260 1280 hentis
277 1190 472 1309 potentiae
486 1221 692 1283 momenta
717 1191 930 1279 estimaret
959 1223 1010 1278 ex
1033 1199 1187 1307 majore
1211 1199 1414 1284 retinendi
1436 1181 1500 1284 fa·

133 1309 290 1398 cultate.
618 1365 619 1369 κ
1493 1369 1498 1382 .

89 1457 93 1472 ·
184 1426 336 1524 lnbis,
354 1455 445 1539 quae
461 1429 505 1508 in
524 1421 744 1539 posteriore
760 1419 884 1532 hujus
906 1427 1047 1542 capitis
1070 1453 1182 1541 parte
1194 1422 1394 1542 disputata
1409 1427 1501 1516 suut

133 1542 180 1626 de
195 1541 272 1626 hac
297 1541 569 1654 inaequalitate
596 1563 897 1622 momentorum
926 1569 1000 1653 pro
1020 1539 1173 1626 diversa
1194 1542 1391 1657 positione
1415 1551 1501 1631 axis

135 1653 317 1760 bouum,
334 1657 438 1742 mihi
457 1659 602 1742 videor
624 1652 714 1740 satis
734 1651 994 1763 probabiliter
1010 1651 1340 1771 philosophatus:
1358 1660 1501 1757 veriam

135 1771 226 1856 fiad
239 1775 436 1858 Rationes
455 1773 590 1862 Veblis
619 1777 689 1867 (ut
703 1765 885 1881 pluribus
900 1769 1060 1882 placet)
1084 1774 1311 1858 revocanda
1326 1767 1423 1859 elset
1438 1781 1499 1860 vis

138 1888 229 1972 Axis
244 1893 289 1970 in
305 1887 586 1984 Pen'trochio,
607 1885 790 2000 quamvis
812 1881 949 2000 aliqua
968 1882 1057 1968 satis
1081 1888 1297 1984 commode
1319 1890 1500 2004 explica·

138 2007 168 2084 ri
183 1999 338 2117 pollent
346 2063 360 2104 ‚
373 2002 446 2086 ubi
460 2003 595 2090 Vestis
611 1997 671 2083 est
686 2000 816 2084 tetrus
828 2060 840 2096 ,
854 2029 939 2084 non
952 2005 1090 2084 omnia
1105 2028 1261 2108 tamen,
1275 2003 1345 2088 ubi
1364 2005 1504 2094 vestis-

139 2147 277 2208 curvus
294 2113 679 2230 intelligendusest,
699 2139 919 2225 congruam
941 2111 1153 2228 patiuntur
1175 2115 1504 2232 explicationem,

139 2260 181 2316 ut
206 2233 375 2320 cuilibet
397 2263 481 2320 tem
503 2227 661 2318 attentb
685 2229 953 2316 confideranti
977 2229 1236 2317 manifiestum
1264 2231 1336 2316 fiet
1358 2271 1371 2330 3
1399 2239 1502 2326 mibi
1627 2287 1628 2292 Ν

139 2347 240 2432 enirn
254 2347 324 2438 hic
344 2381 427 2434 non
442 2349 605 2435 videtur
618 2373 750 2458 operte
766 2347 942 2458 pretium
957 2353 1002 2430 in
1017 2376 1066 2454 re
1078 2347 1221 2459 parlun
1239 2348 1329 2430 utili
1345 2379 1504 2464 tempus

141 2491 361 2561 contereret
378 2465 528 2582 placuit
544 2490 679 2546 tamen
690 2459 734 2544 id
746 2459 878 2550 obiret
896 2469 1081 2560 innuere,
1096 2489 1142 2544 ut
1152 2461 1235 2580 ipse
1246 2461 1322 2547 tibi
1339 2463 1501 2580 persua-

138 2579 228 2662 'dtas
244 2589 409 2668 inanem
426 2575 505 2664 elie
525 2577 736 2674 laborem,
761 2605 845 2690 quo
868 2586 960 2698 quis
980 2575 1226 2690 lingularum
1250 2580 1504 2696 Facultatum

143 2692 237 2782 vites
252 2703 306 2786 ad
326 2701 496 2800 Vestem
514 2695 702 2782 revocate
718 2717 900 2780 conatur.
1422 2724 1425 2728 ·

166 2951 554 2974 mnu—...-

557 3132 911 3244 curor
989 3139 1093 3247 vt.

263 3405 611 3566 Unpattorum
643 3405 953 3520 demant-um
986 3403 1097 3554 usuc
1125 3411 1201 3526 δῖ
1222 3373 1385 3516 soiretl

150 3593 151 3597 '
658 3595 1036 3718 exponunturw
1099 3609 1103 3625 ¹·
1403 3573 1432 3632 ·’
1542 3587 1546 3598 ’

250 3850 317 3930 Uat
349 3843 546 3932 hellenus
566 3871 767 3962 ‚tympana
794 3845 1133 3954 conlidetavimus
1156 3841 1505 3958 sfune'tittunt'·

127 4011 130 4020 ·
250 3959 374 4046 ducto
388 3989 512 4078 atque
530 3961 697 4046 evoluto
711 3957 919 4048 versantur
929 3995 942 4055 3
961 3989 1073 4045 nune
1089 3987 1220 4072 genus
1236 3961 1373 4057 aliud,
1391 3957 1508 4065 cujus
1629 4010 1639 4036 .‹

147 4075 394 4190 amplillimus
416 4076 507 4162 usus
521 4076 606 4177 est,
625 4079 886 4192 contemplari
903 4103 1089 4192 oportet,
1113 4067 1508 4190 tympana'uitlelicet

145 4189 328 4290 dentata,
348 4189 416 4276 seu
430 4196 557 4280 Rotas
573 4196 781 4293 dentatas,
796 4191 841 4276 in
857 4195 1006 4310 quibus
1025 4189 1111 4278 srvb
1127 4191 1280 4278 fuerint
1295 4184 1509 4300 simplices,

146 4303 704 4422 fivtcomposttae,autnu110
724 4305 992 4425 prorsusfune
1006 4311 1238 4417 indigemus
1251 4301 1405 4388 autillo
1418 4329 1510 4387 tan·

148 4425 378 4521 commodo,
399 4453 483 4538 quo
495 4427 654 4539 pondus
664 4421 850 4540 proximb
868 4427 1146 4521 trahitut,aut
1159 4417 1380 4504 attollitur:
1402 4421 1508 4506 den-

150 4557 205 4617 tes
216 4531 326 4622 enim
338 4545 499 4656 majoris
513 4571 637 4657 atque
651 4543 818 4627 minoris
830 4544 1032 4654 tympani,
1046 4535 1123 4622 ubi
1128 4535 1244 4651 plura
1255 4563 1511 4653 componun·

150 4673 241 4752 tur,
262 4651 302 4741 se
318 4655 462 4746 mutui
487 4648 809 4750 collabellatione
831 4657 1064 4746 mordentes
1093 4650 1133 4743 se
1148 4651 1324 4740 uiciffim
1347 4675 1512 4761 urgent,

1435 4787 1512 4876 pro
