3818 5264
478 217 633 333 Liber
636 218 905 370 secundm.
940 230 1153 342 CAPuT
1176 231 1274 338 IV.
1459 238 1525 344 16
1536 271 1559 370 5

195 379 419 474 &alterum
432 382 595 469 alterius*
609 391 713 470 viros
725 413 920 472 extenuat
936 391 1183 504 impediens,
1199 381 1375 502 nejuxtd
1393 397 1563 508 proprie
1585 453 1591 466 .

188 507 345 588 virtutis
358 498 587 586 mensuram
601 529 759 587 motum
773 508 989 619 concipiat.
1526 553 1529 558 ·

244 625 305 706 Ex
318 621 382 703 his
395 649 485 733 quae
498 617 694 703 haetenus
711 619 818 702 diua
836 615 949 718 sunt,
962 618 1063 706 illud
1080 618 1169 706 satis
1186 620 1369 706 constare
1387 622 1561 722 videtur,
1609 691 1612 700 .

186 729 306 849 qubd
315 733 464 818 animal
479 731 649 818 eatenits
660 737 704 816 in
717 761 832 817 motu
844 735 1127 822 difficultatem
1138 767 1186 820 ac
1199 737 1459 822 resistentiam
1470 745 1564 852 perss

187 847 523 970 cipit‚quatenus
537 846 712 934 multum
725 845 1125 968 impertisconcipere
1141 851 1346 951 debet,ex
1361 849 1560 968 quomus-
1617 931 1621 940 .

187 969 373 1056 culorum
390 969 601 1050 contentio
616 969 763 1080 oritur,
778 995 830 1049 ne
862 997 914 1051 ue
930 997 1067 1053 tamen
1081 999 1128 1054 ea
1148 965 1475 1098 sequimrmotus
1493 999 1562 1054 ve·

185 1089 351 1182 locitas,
370 1113 460 1198 quae
472 1108 588 1164 tanto
600 1084 772 1195 impetui
785 997 1063 1196 responderet,
1077 1087 1177 1169 ditm
1191 1085 1468 1170 submovendo
1481 1089 1559 1168 im·-

188 1203 425 1318 pedimento
438 1203 656 1282 maximam
669 1202 817 1280 virium
835 1227 988 1311 par-tem
998 1201 1197 1316 impendit
1214 1207 1412 1315 impeturn
1424 1205 1560 1314 impri-

188 1346 325 1400 mens:
342 1315 453 1398 unde
473 1313 519 1396 fit
532 1313 752 1428 plurimum
769 1314 980 1410 influentis
993 1313 1341 1432 spiritstsanimdis
1352 1312 1505 1400 absumi
1517 1321 1561 1400 in

188 1431 272 1517 tim
299 1428 492 1516 diuturnd
518 1490 529 1526 ,
558 1427 622 1535 vel
648 1425 732 1512 tdm
750 1426 885 1514 validi
903 1427 1178 1515 musculorum
1198 1437 1461 1515 contentione
1480 1493 1492 1528 ‚
1511 1460 1563 1514 ae

190 1544 643 1666 proinde-lassitudinem
664 1541 796 1659 sequi,
812 1572 935 1659 atque
954 1544 1175 1660 aliquando
1201 1551 1324 1630 etiam
1342 1574 1560 1629 contento-

188 1695 280 1748 rum
298 1657 572 1748 musculorum
589 1658 796 1757 dolorem,
816 1689 911 1746 cum
935 1660 979 1744 id
996 1690 1080 1744 non
1100 1666 1312 1774 contingat
1327 1662 1409 1744 fine
1425 1659 1561 1774 aliqud

189 1783 364 1898 partium
392 1775 677 1890 compressione
708 1799 777 1858 tut
795 1774 1052 1874 distentione.
1098 1773 1352 1892 Qrbigitur
1381 1775 1562 1862 velocius

187 1901 344 1981 moveri
358 1891 490 2006 potest
507 1890 654 1976 animal
672 1919 745 2006 pro
760 1893 918 1974 rarione
934 1897 1123 2007 concepti
1144 1889 1315 2004 imperiis
1329 1951 1341 1990 ,
1356 1886 1409 1974 ed
1425 1897 1562 1976 mino=
1660 1978 1662 1980 ,

188 2041 276 2095 rem
294 2011 468 2126 percipit
491 2011 535 2090 in
560 2003 838 2090 submovendo
858 2007 1150 2120 impedimento
1176 2005 1455 2092 difficultatem
1478 2041 1490 2101 5
1517 2019 1559 2112 ὃς
1654 2083 1657 2090 .

189 2127 359 2242 quidem
374 2121 551 2206 maxime
575 2121 603 2204 sr
625 2118 777 2205 alternd
792 2125 1064 2206 contentionis
1078 2151 1125 2206 ac
1144 2123 1374 2208 remissionis
1392 2118 1559 2236 muscu-

186 2241 322 2328 lorum
338 2237 606 2323 vicissitudine
623 2235 736 2324 labor
750 2231 943 2329 mitescet.
1570 2233 1597 2254 “

249 2352 458 2460 Curiosrits
473 2380 611 2440 autem
626 2353 862 2470 inquirenti,
874 2381 996 2469 quam
1006 2352 1225 2444 Rationem
1238 2355 1386 2444 habeat
1397 2360 1562 2442 motoris

190 2479 369 2590 impetus
383 2471 434 2554 ad
449 2473 648 2583 impetum
660 2474 839 2584 corpori,
856 2471 967 2586 quod
984 2501 1190 2571 movetur,
1203 2503 1402 2589 quatenus
1417 2501 1564 2558 move--

186 2619 278 2688 rur,
294 2578 543 2702 impressum,
557 2613 602 2670 ut
615 2585 867 2696 aliquatenus
883 2583 1131 2687 satisfaciam,
1147 2585 1272 2674 affero
1286 2619 1331 2674 ut
1345 2593 1561 2672 minimum
1620 2609 1622 2612 ’

186 2705 355 2820 duplam
375 2697 476 2800 esse,
493 2731 577 2784 non
592 2703 760 2815 quidem
775 2701 1001 2800 intensive,
1024 2731 1095 2786 aut
1110 2705 1318 2790 extensive
1336 2740 1348 2800 5
1368 2701 1434 2788 sed
1450 2709 1560 2789 enti·
1640 2775 1645 2784 .

188 2820 331 2906 tative.
365 2815 603 2928 Qatenirs,
618 2821 807 2931 inquam,
823 2844 1032 2916 movetur,
1046 2818 1126 2903 hoc
1136 2818 1196 2903 est
1213 2847 1412 2934 quatenus
1425 2824 1559 2924 vinci-

186 2965 255 3022 tur
270 2940 359 3048 ejus
374 2931 592 3016 resistentia
604 2967 613 3012 ε
626 2929 817 3024 caeterum
827 2936 1008 3051 potentia
1019 2939 1241 3018 moven·sin
1256 2933 1501 3050 seproducit,
1518 2946 1560 3034 ὃς

187 3057 234 3136 in
251 3044 393 3135 mobili
407 3047 604 3162 aequalem
617 3052 815 3160 impetum
825 3080 837 3142 5
852 3043 918 3132 sed
932 3050 1274 3160 quemadmodum
1290 3049 1358 3135 ubi
1375 3047 1483 3134 calor
1493 3050 1561 3134 sri-
1620 3099 1632 3112 =

188 3173 284 3281 goti
313 3163 571 3280 permiscetur
588 3161 687 3248 illud
708 3167 902 3262 vincens,
923 3191 1008 3247 non
1033 3168 1253 3280 percipitur
1268 3165 1341 3248 nisr
1362 3193 1573 3280 quatenus.

187 3285 354 3367 excedit
372 3283 456 3365 vim
473 3277 656 3388 frigoris,
674 3283 732 3361 ita
742 3283 917 3392 impetus
932 3285 1044 3362 oneri
1060 3275 1268 3392 impressus
1290 3307 1457 3366 eatenus
1470 3312 1560 3364 mo-
1659 3287 1663 3298 ’

187 3427 285 3495 ver,
302 3391 502 3511 quatenus
517 3391 697 3508 ejusdem
709 3393 968 3482 resistentium
986 3391 1166 3508 superat:
1186 3397 1317 3480 Hunc
1333 3425 1469 3480 autem
1486 3427 1560 3481 ex·
1639 3499 1643 3510 ἡ
1723 3432 1729 3450 ·

188 3509 344 3599 cessum
360 3506 603 3622 subduplum
615 3506 790 3622 impetiit
813 3514 979 3594 motoris
1004 3507 1093 3592 satis
1111 3507 1308 3622 probabili
1331 3511 1563 3625 conjecturs

187 3629 359 3715 affirmo.
396 3625 501 3714 Illud
516 3627 627 3708 enim
647 3625 728 3710 hoc
744 3624 850 3713 mihi
875 3621 1039 3722 suadet,
1059 3619 1175 3736 qubd
1192 3631 1357 3713 motoris
1370 3633 1563 3714 virtutem

187 3723 359 3831 metitur
372 3731 551 3826 excelsus
565 3735 764 3854 impertis,
784 3769 908 3854 quem
927 3737 995 3823 ille
1011 3739 1136 3826 habet
1150 3736 1264 3853 suprd
1281 3744 1562 3855 impedimenti

186 3858 455 3946 resistentiam
475 3891 484 3937 ε
508 3853 735 3941 resistentiae
749 3882 887 3942 autem
906 3857 1076 3956 modus,
1098 3883 1144 3940 ut
1160 3853 1296 3970 saepiits
1317 3859 1470 3942 dicium
1488 3857 1561 3957 est,

187 4009 242 4062 ex
253 3972 469 4060 velocitate
482 3966 629 4070 motus,
639 4001 727 4088 quae
741 3968 995 4072 concilianda
1011 3971 1071 4059 est
1114 3976 1270 4059 raritati
1283 3977 1459 4087 corporis
1471 3969 1562 4058 sub-

186 4090 399 4187 movendi,
409 4084 655 4182 desumitur3
675 4087 756 4174 hoc
771 4085 992 4172 enimideb
1005 4000 1147 4174 rendit
1166 4087 1344 4202 partibus
1359 4119 1409 4172 ex
1421 4098 1561 4199 grnoo

189 4202 379 4321 impetiit,
395 4203 530 4318 quiasr
548 4198 674 4288 solum
689 4203 840 4310 suerint
856 4232 935 4292 100
951 4231 1082 4319 partes
1094 4199 1280 4316 impetiit,
1294 4202 1379 4288 fieri
1391 4232 1474 4288 non
1485 4233 1563 4320 po..

188 4325 268 4410 test
289 4350 335 4406 ut
350 4347 561 4406 moveatur
582 4316 692 4404 tantd
711 4316 952 4418 velocitate,
973 4311 1039 4404 sed
1053 4317 1234 4434 pluribus
1243 4313 1421 4432 impertis
1435 4325 1561 4434 parti-

190 4440 268 4527 bus
282 4437 445 4548 indiget
461 4465 472 4516 :
488 4428 668 4519 excessus
679 4439 807 4545 igitur
824 4439 982 4520 virtutis
1002 4439 1167 4521 motoris
1181 4433 1343 4549 aequasis
1353 4429 1412 4541 est
1427 4463 1472 4520 ut
1482 4431 1562 4520 mi·

189 4561 353 4641 nimum
365 4549 592 4635 resistentiae
604 4549 765 4634 mobilis
778 4583 789 4643 5
802 4578 927 4665 atque
939 4546 1044 4636 oded
1059 4577 1143 4634 tota
1152 4553 1278 4635 virtus
1289 4554 1468 4650 motoriS,
1480 4552 1563 4636 hoc

186 4669 252 4757 cst
268 4674 445 4783 impetus
462 4665 575 4755 abeo
594 4693 838 4784 conceptus,
854 4664 1069 4791 aequivalet
1078 4663 1168 4755 titm
1182 4664 1410 4765 resistentie
1423 4666 1563 4760 mobi-

1513 4779 1563 4884 lu
