3794 5270
395 221 512 362 '718
877 206 1299 330 Maianicomm

385 407 478 496 pro
503 399 645 461 centro
670 367 805 464 motis
828 373 985 464 habent
1009 401 1080 462 aut
1095 373 1223 462 cubiti
1240 436 1253 475 ‚
1270 359 1343 460 'aut
1359 369 1525 460 humeri
1539 370 1782 486 junensem
1831 423 1834 434 .

402 519 524 607 prout
537 493 710 592 cubitus,
721 495 787 578 vel
801 521 933 580 totum
950 493 1165 580 brachium
1176 495 1389 577 mov‘etur:
1410 500 1452 576 &
1469 518 1572 574 tunc
1583 491 1780 580 'Centmn

402 635 703 694 momentorum
714 609 914 696 transferri
933 614 1149 722 contingit,
1159 635 1236 692 nee
1255 635 1359 724 opus
1373 605 1433 690 est
1445 601 1553 690 adei>
1569 603 1780 718 longaeffe

388 723 616 809 manubria
632 758 644 818 5
667 751 714 807 ut
735 723 849 810 'vides
875 725 1039 810 malleos
1055 785 1066 824 ,
1082 723 1232 840 quibus
1251 725 1303 807 a'd
1330 720 1646 806 contundendos
1661 719 1778 806 libror

404 865 577 938 utuntur
593 838 839 956 bibliopaegi,
857 839 1053 926 brevioris
1062 836 1143 925 effe
1157 835 1359 949 manubrij
1376 899 1388 935 ,
1433 841 1501 920 uia
1512 861 1684 920 extento
1691 834 1777 922 bra·

398 955 784 1070 ehio'pereutiunt‚
804 957 918 1071 quod
946 953 1133 1068 fungitur
1157 952 1251 1038 vice
1274 951 1391 1037 valde
1404 867 1532 1064 iungi
1555 949 1773 1062 manubrii:

404 1097 548 1154 contra
562 1064 661 1154 verti
676 1069 881 1157 fabrorum
895 1071 1152 1156 ferrariorum
1166 1068 1299 1155 mallei
1316 1066 1542 1181 ,bipennes
1554 1127 1568 1172 ‚
1582 1075 1627 1154 &
1641 1093 1778 1151 caetera

388 1182 695 1283 instrumenta,
715 1215 803 1300 quae
815 1180 984 1303 utrique
1000 1215 1126 1271 manu
1156 1180 1404 1300 apprehensa
1421 1183 1668 1278 tractamus,
1690 1179 1777 1264 lon·

288 1365 292 1370 .
404 1302 520 1412 giora
538 1298 694 1386 habent
710 1301 944 1401 manubria,
961 1325 1060 1387 tunc
1080 1298 1192 1388 enim
1207 1299 1421 1388 brachium
1440 1291 1552 1382 adei>
1565 1296 1777 1385 extendere

387 1442 632 1529 nequamus.

1349 1667 1746 1691 Μ

847 1855 1193 1964 CAPUT
1264 1859 1335 1965 X.

520 2140 682 2298 Qid
702 2143 922 2300 confhrat
942 2151 1210 2308 restfientia
1227 2161 1425 2311 eorporis
1435 2143 1675 2324 percuſsi.

407 2449 657 2664 EAtenus
673 2449 799 2533 istum
814 2454 972 2566 corpori
981 2449 1164 2568 pereuffo
1178 2451 1328 2569 infligi,
1344 2481 1546 2571 quatenus
1558 2449 1640 2536 hoc
1653 2445 1785 2532 motui

498 2566 674 2676 corporis
692 2565 954 2679 percutientis
970 2571 1203 2685 opponitur,
1219 2570 1361 2686 illique
1372 2565 1718 2664 obsistit,distum
1731 2561 1787 2645 est
1874 2663 1875 2678 ἱ

387 2687 540 2794 *capo
553 2674 691 2793 eoque
705 2679 1053 2768 vehementiorem
1064 2681 1143 2769 effe
1160 2676 1472 2804 pumilionem,
1488 2675 1576 2797 qui>
1588 2683 1718 2785 major
1729 2674 1787 2760 est

406 2789 639 2878 resistentia.
680 2794 786 2878 Haee
803 2823 940 2886 autem
949 2797 1169 2885 resistentia
1182 2798 1382 2909 originem
1394 2801 1511 2883 ducit
1524 2826 1575 2880 ex
1591 2793 1681 2910 ipsa
1695 2823 1787 2876 cor-

407 2937 554 3026 porum
569 2903 741 2999 naturia
767 2938 888 2998 omne
905 2911 1103 3028 siquidem
1128 2943 1297 3030 corpus,
1317 2915 1398 3030 qui
1411 2939 1557 3025 corpus
1572 2913 1662 3007 est,
1686 2905 1788 2991 nulli

406 3027 567 3140 corpori
580 3022 828 3139 penetrabile
846 3025 929 3125 est,
944 3054 1079 3144 neque
1100 3029 1186 3113 fieri
1202 3029 1357 3144 potest,
1373 3024 1473 3113 citri
1484 3029 1689 3112 Divinam
1705 3049 1787 3106 vrr-

406 3165 539 3222 tutem
557 3135 739 3250 longiis,
757 3135 882 3255 quim
894 3169 1048 3228 naturae
1065 3147 1228 3228 termini
1244 3143 1470 3258 postulant,
1484 3166 1786 3233 excurrentem,

405 3279 455 3338 ut
476 3283 561 3337 uno
576 3247 803 3370 eode'mque
820 3259 864 3339 in
878 3253 1003 3372 spatio
1013 3259 1099 3342 duo
1112 3285 1280 3374 corpora
1294 3257 1569 3353 collocentur,
1584 3254 1787 3372 quemad-

231 3393 234 3400 ’
358 3421 362 3428 .
406 3369 579 3455 modum
599 3370 691 3454 duae
708 3367 933 3454 substantie
947 3371 999 3458 ab
1019 3380 1132 3457 omni
1154 3369 1310 3487 prorsus
1334 3369 1446 3456 sensu
1461 3373 1700 3483 dispuetur,
1723 3365 1790 3456 std
1873 3373 1874 3427 i

406 3513 498 3600 quae
515 3480 594 3570 soli
610 3488 787 3582 ratione,
807 3496 848 3572 &
861 3479 1130 3599 intelli'gentiai
1140 3487 1558 3603 comprehenduntur,
1571 3483 1610 3570 se
1621 3481 1792 3572 viciffim

404 3599 554 3684 eodem
567 3599 612 3682 in
633 3597 725 3682 loco
739 3599 861 3686 facile
880 3605 1103 3716 patiuntur.
1136 3605 1296 3714 Corpus
1314 3606 1440 3712 igitur
1454 3597 1686 3714 perculsum
1701 3599 1790 3684 tirm

318 3823 320 3830 Α
339 3789 341 3793 .
404 3743 459 3798 ex
474 3710 542 3798 sui
554 3713 866 3814 constitutione,
880 3727 922 3803 &
937 3721 1157 3832 temperie,
1173 3743 1262 3800 tum
1274 3745 1325 3800 ex
1343 3715 1790 3802 recedendi'difficulta-

403 3855 469 3926 te,
487 3827 575 3914 tiim
584 3859 635 3913 ex
650 3828 1111 3942 positionesssecundiim
1123 3859 1245 3946 quam
1263 3833 1387 3915 iritum
1400 3829 1567 3945 exeipit,
1587 3833 1729 3928 habet,
1745 3857 1792 3912 ut

405 3947 576 4028 modurn
589 3943 828 4060 percuffioni
840 3941 1069 4051 stainamex
1080 3946 1229 4061 tripiici
1240 3946 1351 4030 enim
1362 3947 1445 4032 hoc
1455 3950 1586 4060 capite
1600 3947 1792 4032 refisten-

402 4063 554 4144 tiarum
569 4061 739 4144 varietas
758 4061 935 4172 petenda
951 4059 1038 4160 est,
1054 4063 1135 4176 qu'a
1154 4091 1300 4178 corpus
1312 4057 1543 4178 perculsum
1555 4062 1794 4161 reltrt‘iatnr²

401 4201 461 4256 -ne
480 4171 572 4257 loco
590 4176 718 4260 cedat.
745 4207 748 4212 ·
1105 4209 1113 4216 ·
1351 4251 1356 4260 .

466 4289 518 4369 Et
533 4289 585 4372 ad
599 4293 773 4404 primum
813 4291 950 4376 uidem
969 4295 1081 4406 quod
1095 4296 1263 4391 attinet,
1279 4321 1447 4409 corpora
1463 4293 1565 4376 dura
1577 4293 1707 4402 magis
1723 4317 1794 4372 re-

406 4401 565 4500 sistere,
584 4400 709 4519 quim
729 4319 866 4490 mciilia
889 4467 900 4505 ,
923 4407 1182 4492 manifestum
1205 4407 1263 4491 est
1284 4437 1334 4492 ex
1354 4404 1436 4522 ipsi
1456 4405 1568 4489 Duri
1593 4419 1634 4492 δι
1650 4405 1795 4489 Mollis

404 4523 589 4622 notione.
630 4521 691 4626 Est
709 4541 835 4598 autem
858 4537 1023 4605 Durum,
1055 4552 1102 4606 ut
1121 4529 1177 4607 ait
1196 4521 1432 4607 Aristoteles
1457 4521 1530 4606 lib.
1546 4555 1589 4630 4„
1612 4523 1791 4606 Mereor.

318 4655 321 4662 ·
396 4631 564 4718 airmma
580 4669 614 4719 2.
630 4663 719 4754 cap.
737 4631 959 4746 aquodam
979 4631 1078 4718 cedit
1100 4633 1308 4748 inseipsntn
1318 4629 1525 4744 secundina
1535 4633 1795 4746 siperfict'm:
1869 4725 1870 4740 Ν

394 4780 425 4832 „¹
1423 4825 1429 4836 ,
1670 4753 1789 4840 Maste
