3794 5266
224 175 230 182 '
340 177 491 309 ,1478
863 148 1325 308 Mecham'oorum·
1390 279 1396 294 ‚

393 329 463 418 soli
477 322 738 412 resrstentiam
753 323 766 416 l
778 347 1041 437 quocumque
1054 320 1762 436 tawmexcapireornturhaecre-

396 441 582 534 fistcnriae
610 435 884 554 inaequalitas)
912 435 1154 552 politionem
1176 463 1335 550 mutar,
1358 462 1436 524 uec
1463 435 1637 556 amplius
1660 444 1762 556 jacet

396 589 614 676 utrumque
630 555 865 652 brachium,
882 551 1078 652 sedillud,
1103 557 1170 638 cui
1187 551 1322 640 minits
1335 551 1562 654 obsistitur,
1575 555 1762 658 elevatur,

395 683 607 766 adnitente
627 679 745 758 etiam
758 667 900 784 ligneo
915 661 1225 780 transversario,
1246 673 1312 754 cui
1327 669 1518 756 naturalis
1534 669 1594 755 est
1608 675 1652 756 in
1667 669 1764 790 aqud

396 795 540 912 positio
553 787 759 879 horizonti
775 785 984 902 parallela,
1002 813 1124 900 quam
1134 789 1349 901 acquirens
1367 789 1425 870 ira
1438 785 1660 872 anchoram
1673 821 1764 874 con-

399 915 543 1006 vertit,
562 935 607 992 ut
621 910 740 994 Dens
752 907 871 988 matis
886 902 1022 1000 fundov
1036 903 1239 991 inhaerens
1259 905 1387 1014 magis
1403 906 1445 986 iu
1462 899 1563 988 illud
1574 903 1763 1016 infigatur

399 1027 487 1114 tiun
505 1045 675 1138 urgente
690 1015 876 1106 deorsum
898 1019 1018 1134 ipsius
1037 1019 1225 1104 anchorae
1242 1019 1465 1132 gravitate,
1483 1016 1572 1105 tirm
1582 1023 1765 1110 trahente

398 1142 480 1263 ipsa
493 1137 613 1238 navi,
631 1165 751 1256 quam
771 1135 918 1222 linitus
931 1163 1160 1230 autveutus
1179 1129 1350 1250 impellit
1367 1133 1490 1232 ,clim
1506 1143 1661 1252 etenim
1678 1137 1763 1222 bra-

400 1258 543 1346 chium
556 1285 651 1340 cum
664 1247 781 1368 scapo
797 1279 965 1338 acutum
974 1249 1173 1364 angulum
1189 1250 1421 1352 constituat,
1436 1281 1519 1336 non
1533 1253 1585 1338 ad
1598 1281 1764 1370 perpen-

398 1374 605 1470 diculum,
626 1365 693 1454 sed
715 1365 884 1484 oblique
906 1367 1081 1456 fundum
1093 1365 1322 1480 ingreditur
1332 1400 1353 1470 ,·
1373 1379 1416 1456 δι
1440 1368 1595 1453 idcirco
1611 1373 1657 1452 in
1671 1367 1772 1461 illud

398 1486 637 1612 profunditis
649 1511 881 1602 penetrum
940 1545 945 1554 -
1260 1562 1264 1576 ,

382 1669 385 1676 ,
459 1609 569 1695 Cum
581 1608 717 1716 itaque
735 1601 921 1688 anchorae
933 1593 1051 1714 scapo
1069 1597 1137 1707 alii
1151 1597 1382 1718 duplicem,
1394 1596 1460 1715 alij
1481 1597 1683 1716 triplicem
1697 1605 1765 1686 tri-

401 1725 531 1813 buant
553 1717 715 1804 alterius
745 1713 899 1827 brachij
917 1715 1248 1828 longitudinem,
1272 1717 1362 1802 hac
1389 1719 1532 1834 utique
1554 1717 1683 1828 major
1699 1717 1764 1818 est,

399 1837 527 1960 qudrn
539 1833 727 1920 distantia
738 1835 844 1917 inter
853 1857 1056 1939 extremos
1071 1833 1260 1918 anchotae
1275 1831 1440 1934 dentes,
1455 1861 1538 1916 non
1549 1837 1664 1920 enim
1680 1831 1764 1920 bra·

400 1957 498 2046 chia
517 1979 615 2036 cum
631 1945 747 2062 scapo
769 1949 921 2032 renum
944 1941 1012 2030 sed
1032 1970 1202 2034 acutum
1217 1947 1443 2062 angulum,
1468 1977 1515 2032 ut
1529 1949 1769 2048 distumest,
1866 2017 1867 2020 a

399 2069 664 2161 constituunt.
707 2065 774 2150 Ad
790 2061 898 2150 hanc
911 2063 1038 2175 igitur
1047 2088 1320 2150 extremorum
1339 2064 1527 2149 dentium
1541 2063 1764 2150 distantiam

399 2191 529 2298 major
543 2176 804 2288 transversari]
822 2176 1039 2288 longitudo
1053 2179 1248 2288 majorem
1261 2177 1387 2266 habet
1402 2179 1638 2278 Rationem,
1651 2179 1765 2298 quim

399 2308 534 2391 minor
542 2293 771 2393 testantem
781 2291 1030 2406 longitudini
1042 2289 1146 2410 scapi
1189 2325 1235 2382 ar
1250 2292 1516 2411 tranl'versarij
1532 2293 1764 2410 longitudot

398 2447 523 2538 quare
545 2411 740 2526 longioris
762 2409 953 2494 anchorae
974 2323 1297 2500 transverdrium
1312 2407 1476 2524 longius
1494 2411 1580 2512 est,
1606 2409 1764 2530 ejusque
1866 2441 1867 2508 l

261 2533 275 2546 ‘
399 2521 741 2626 conversro‚utse
755 2525 959 2610 horizonti
977 2523 1212 2638 parallelum
1223 2525 1369 2612 statuat
1385 2587 1397 2627 ,
1415 2529 1544 2640 magis
1559 2529 1676 2636 juvat
1697 2557 1763 2612 an·
1866 2545 1867 2571 ³

329 2641 333 2650 ’
400 2634 888 2736 chirraecouversronem,
912 2665 957 2721 ur
983 2637 1083 2726 dens
1111 2641 1277 2730 inferior
1290 2641 1532 2760 profunditis
1550 2647 1595 2728 in
1611 2673 1764 2735 arenam

399 2765 620 2878 infigatur„
1756 2771 1763 2782 “

456 2883 520 2968 Sit
542 2870 718 2993 primitur
744 2871 934 2960 anchora:
955 2867 1094 2987 scapus
1109 2878 1202 2965 AB
1229 2873 1382 2990 duplex
1398 2873 1668 2988 longitudinis
1682 2873 1765 2962 bra·

976 3063 979 3070 .
1237 2990 1323 3096 chri
1347 2993 1468 3090 Ac,
1491 3001 1532 3078 dt
1557 3020 1762 3108 propean-

559 3191 563 3200 ,
617 3065 652 3164 l'
747 3179 751 3190 .
1237 3105 1765 3224 nuluminBaequalctranl·

1237 3219 1454 3310 versarium
1476 3225 1548 3312 EF
1563 3223 1764 3331 adjiciatur

1236 3339 1289 3424 ad
1304 3338 1475 3451 angulos
1486 3343 1704 3440 redos,ea
1713 3369 1765 3426 ta-
1865 3405 1866 3438 ÷

1237 3483 1335 3540 men
1361 3457 1625 3555 conditione,
1647 3485 1693 3540 ut
1708 3459 1763 3572 ja.
1865 3489 1866 3540 l

1239 3570 1427 3656 centibus
1460 3569 1638 3657 brachiis
1678 3575 1761 3658 Ac

1241 3689 1402 3773 &AD
1437 3689 1480 3772 iu
1505 3685 1628 3801 plano
1658 3689 1762 3778 hori-

1110 3865 1118 3890 ,
1241 3803 1393 3892 zontali
1412 3857 1426 3900 -,
1452 3803 1762 3894 tranlversariutn

1092 3897 1112 3966 '⁸
1238 3918 1287 4002 stt
1298 3925 1340 4002 in
1349 3917 1471 4034 plano
1481 3915 1764 4030 verticali,cjtis·

1238 4065 1319 4150 que
1329 4037 1452 4120 altera
1462 4037 1762 4136 extremitatem

1034 4187 1089 4246 ,··
1237 4153 1763 4263 gr.F.marisfundumcon·

1008 4253 1037 4359 :⁸
1129 4249 1184 4354 Α
1237 4267 1577 4381 tingar,alteraE
1597 4269 1763 4358 sublimis

992 4371 1012 4445 ·”
1237 4383 1761 4506 lit,acpr0iudescapusAB
1864 4389 1865 4442 l

1237 4501 1459 4596 inclinetur
1490 4506 1543 4592 ad
1574 4505 1758 4590 horizon·
1864 4589 1865 4614 Ν

392 4621 607 4738 tongrad.
623 4653 687 4732 30.
718 4621 1531 4744 Vento,autlludumavimimpellcnte
1547 4625 1760 4828 inteupitut

790 4795 793 4802 ι
1610 4772 1657 4827 ru
1684 4769 1757 4834 em,
