3780 5270
356 241 474 382 ‘526
691 197 707 275 ⁷·
738 193 756 263 '⁴
832 200 1281 326 Mechanicorum

617 721 620 728 ’
704 739 706 744 ’
792 695 1146 812 CAPUT
1226 703 1333 810 lV..

277 987 287 996 ’
401 995 505 1116 ,An
525 985 669 1100 Axis
697 983 753 1093 in
777 971 1075 1090 Perittochio
1104 951 1409 1087 inveniatur
1435 972 1726 1121 etiamfine·

926 1143 1179 1250 tradiione.
1294 1173 1297 1180 ⁴

313 1534 316 1546 Ι
472 1419 954 1532 Adenusduclariifunis
968 1416 1532 1510 converfionemcircanxem
1546 1423 1743 1522 convolu-

472 1575 560 1632 tum
578 1542 937 1638 consideravimus,
952 1569 1003 1624 ex
1017 1567 1100 1652 quo
1110 1542 1239 1617 oritur
1254 1537 1443 1648 ponderis
1453 1541 1554 1626 fune
1567 1547 1742 1630 connexi

369 1668 511 1753 trallio'
525 1700 534 1746 t
549 1655 620 1752 sed
637 1657 837 1774 numquid
853 1651 938 1738 iton
954 1660 1076 1740 etiam
1086 1651 1229 1735 adhoc
1240 1679 1370 1762 genus
1386 1657 1587 1744 machina
1601 1658 1744 1774 alique

369 1775 552 1872 reuocari
569 1768 752 1890 possunt,
766 1771 914 1888 quibus
932 1801 1017 1857 non
1029 1767 1197 1886 quidem
1211 1767 1386 1856 trahitur
1398 1775 1580 1888 pondus,
1596 1772 1665 1860 sed
1675 1775 1744 1860 ali·

258 1923 262 1930 ’
370 1889 684 2026 quaresrstentia
704 1889 935 2006 superatur?

403 2009 406 2019 ’
430 2011 625 2102 Occurrit
637 2001 923 2121 autemtpr'rmo
940 1999 1030 2086 loco
1045 2007 1238 2120 antiquus
1251 1999 1455 2090 sorvorum
1466 2031 1601 2089 metus
1614 2002 1746 2091 Pistri-

372 2155 497 2228 num,
526 2128 570 2236 in
594 2123 706 2238 quod
729 2121 877 2208 detrun
894 2119 1145 2205 frumentum
1172 2122 1346 2212 tundere
1367 2120 1625 2233 cogebantur
1645 2113 1747 2205 molti

372 2239 543 2331 versatili
559 2241 669 2342 ,¹five
688 2233 735 2322 in
755 2235 982 2324 nostrarum
998 2235 1310 2321 Moletrinarum
1345 2231 1518 2350 speciem
1537 2267 1584 2322 at
1611 2237 1743 2322 simili-

371 2355 559 2460 tudinem
569 2383 718 2442 metam
735 2380 919 2468 congruo
939 2349 1090 2436 Catillo
1097 2351 1321 2468 impositam
1333 2381 1456 2450 manu
1467 2354 1694 2452 truderent,
1702 2383 1748 2436 at

373 2477 720 2588 circumagerent,
737 2467 817 2554 srve
831 2467 1043 2580 ingentem
1055 2465 1428 2583 lapideumdiseum
1441 2469 1746 2583 perpendicula·

373 2595 408 2679 ti
426 2589 615 2706 cylindro
629 2611 957 2698 coagmentatum
975 2581 1177 2668 versarent
1189 2581 1398 2667 asellorum
1413 2589 1552 2698 vicatij
1574 2585 1747 2670 laborio-

374 2705 416 2793 so
432 2707 596 2792 muneri
615 2696 898 2798 succedentes,
913 2729 1009 2784 cunr
1023 2701 1162 2786 Vestis
1176 2697 1361 2814 cylindro
1375 2701 1428 2786 ad
1443 2701 1616 2812 angulos
1626 2707 1749 2786 redut

373 2821 493 2922 infixi
506 2815 803 2906 extremitatem
818 2844 888 2901 aut
901 2817 1131 2924 traherent,
1145 2844 1215 2900 aut
1225 2814 1518 2929 propellerent:
1534 2813 1748 2924 Cuiusmo-

374 2939 418 3029 di
435 2937 634 3024 machinae
651 2961 800 3048 genere
816 2963 890 3034 nos
910 2959 1075 3047 quoque
1090 2937 1243 3015 utimur
1265 2929 1310 3016 in
1325 2930 1561 3032 frendendis
1574 2933 1746 3046 legumi-

374 3050 509 3154 nibus,
525 3063 566 3144 dt
581 3055 626 3136 in
642 3047 941 3135 contundendis
956 3043 1187 3147 seminibus,
1201 3077 1252 3148 ex
1269 3045 1417 3162 quibus
1433 3049 1601 3140 demltm
1615 3049 1746 3134 oleum

375 3169 498 3290 praelo
520 3169 770 3282 exprimitur.
812 3167 866 3250 Et
892 3157 962 3248 hlc
985 3163 1153 3277 quidem
1174 3193 1258 3248 non
1286 3161 1406 3275 ipsius
1430 3164 1592 3252 molaris
1610 3165 1747 3280 lapidis

371 3289 616 3405 gravitatem
628 3277 1747 3394 movendamat'tendimus,quippequiipstuemaclinae

374 3399 566 3520 parsestt
588 3393 656 3482 sed
677 3395 919 3516 potissmium
934 3399 1114 3510 corpoiis
1137 3391 1284 3480 almold
1305 3396 1508 3510 compreffi
1533 3391 1749 3483 resistentia
1870 3475 1871 3486 a

295 3619 298 3622 ,
376 3513 668 3628 confiderunda
683 3507 766 3610 est,
784 3540 873 3627 quae
889 3509 1082 3596 nimirum
1103 3511 1305 3618 vincenda
1322 3510 1572 3626 proponitur.
1610 3518 1751 3598 Oritur

234 3702 255 3746 f
327 3717 330 3722 ,
375 3631 513 3720 autem
533 3631 621 3735 hate
645 3625 930 3716 refistentiaex
957 3624 1364 3744 corporisobterendi
1383 3655 1455 3712 aut
1471 3631 1748 3716 contundendi

376 3745 557 3845 duritiae,
571 3747 615 3830 in
628 3745 740 3857 quod
756 3739 927 3828 incurrit
944 3739 1079 3828 scabra
1090 3742 1207 3826 molae
1228 3745 1480 3828 circumacta
1503 3741 1748 3860 superficiesr

377 3883 473 3952 c'um
488 3856 589 3950 vcrd
601 3856 703 3946 illud
717 3855 970 3944 incumbenti
983 3857 1107 3974 lapidi
1121 3853 1160 3942 sc
1171 3853 1396 3944 subducere
1411 3889 1497 3942 non
1509 3860 1748 3975 perfluan-

375 3985 480 4099 pidis
507 3977 705 4098 gravitate
736 3985 778 4062 δι
798 3979 990 4090 potenriae
1015 3982 1071 4060 im
1100 4002 1171 4060 ettt
1186 3977 1353 4084 cogitur
1366 3974 1527 4061 diffilire
1546 3980 1593 4060 in
1610 4005 1748 4092 parrer.

378 4099 491 4216 Qia
512 4094 637 4211 igitur
660 4097 966 4209 potentiacum
986 4005 1178 4178 maclini
1194 4119 1388 4178 connexa
1411 4120 1568 4178 motum
1584 4095 1750 4209 impedit

376 4213 444 4301 illa
463 4239 683 4328 granorum
699 4235 770 4294 aut
785 4207 1025 4292 nucleorum
1041 4207 1363 4322 frangendorum
1379 4207 1571 4306 durities,
1588 4239 1748 4325 eompa-

372 4333 504 4416 randa
536 4327 596 4414 est
622 4325 811 4414 distantia
826 4322 1019 4438 potentiae
1042 4319 1286 4410 moventisl
1311 4353 1453 4408 centro
1469 4321 1633 4424 motlts,
1661 4355 1749 4409 cum
1869 4407 1870 4424 ἶ

374 4447 566 4533 distantiti
586 4445 764 4558 corporis
787 4443 1092 4527 comminuendi
1105 4473 1118 4536 3
1136 4451 1179 4526 dt
1203 4437 1290 4556 qud
1305 4443 1434 4550 major
1447 4439 1506 4525 est
1519 4439 1749 4548 hujusmodi
1869 4445 1870 4460 ¹

375 4557 680 4648 intervallorum
690 4550 1463 4674 Ratio,majoraparitersuntpotentiae
1478 4583 1698 4642 momenta.

299 4747 314 4774 -,
353 4781 359 4790 ⁸
432 4679 552 4768 Hinc
576 4673 723 4776 vider,
749 4701 823 4761 cur
841 4675 888 4760 in
912 4671 1080 4768 trusttili
1102 4670 1211 4764 mola
1236 4677 1385 4792 (quarn
1403 4675 1658 4763 mediocrem
1677 4666 1748 4758 eise

361 4811 365 4824 '
570 4820 572 4828 ’
825 4829 828 4836 ·
1583 4817 1746 4910 oportet,
