3708 5274
323 193 429 298 616
752 249 755 258 ‹
785 169 1209 308 Mecbaniromm

329 382 418 447 tus,
434 341 531 430 clun
551 337 734 428 trochlea
759 340 807 424 H
833 341 1023 454 ponderis
1042 335 1250 426 accesserit
1267 340 1320 428 ad
1346 341 1388 426 R
1407 346 1709 430 extremitatem

331 467 441 558 firnis
465 457 634 571 religati.
680 460 790 584 Qum
811 454 951 569 itaque
972 453 1018 540 in
1044 483 1219 571 utroque
1243 453 1401 544 casu'&
1422 463 1637 572 potentia,
1665 469 1709 544 dt

276 625 281 634 ·
333 581 493 702 pondus
518 574 654 660 versus
675 572 848 681 eandem
870 599 1027 684 partem
1048 577 1323 670 moveantur,
1347 577 1391 656 in
1415 577 1546 687 primo
1572 602 1712 658 tamen

335 697 494 816 pondus
518 754 529 791 ,
552 690 664 806 quod
689 684 917 804 dpotentid
943 684 1147 786 distabat,
1171 687 1223 772 ad
1247 686 1357 790 illam
1377 690 1575 788 accedat,
1599 700 1643 775 ἐι
1667 693 1711 772 in

335 811 513 902 secundo
535 808 716 922 porentia
743 805 879 920 vicina
901 803 1073 918 ponderi
1099 801 1151 886 ab
1182 799 1253 886 illo
1275 804 1469 902 recedat,
1495 802 1711 890 manifesto

206 1004 209 1010 .
336 926 490 1016 indicio
507 923 566 1009 est
587 925 632 1006 iu
654 913 896 1039 primocasu
914 919 1075 1032 pondus
1096 979 1108 1016 ,
1134 913 1376 1008 insecundo
1398 926 1625 1034 potentiam
1644 947 1713 1004 ve-

179 1059 186 1076 ·
336 1043 466 1131 locius
485 1045 638 1124 moveri
658 1074 667 1119 ι
688 1063 814 1149 quare
831 1032 889 1118 ibi
909 1038 1092 1146 potentia
1114 1035 1303 1143 augenda
1318 1034 1378 1120 est
1392 1097 1404 1133 ,
1419 1062 1465 1118 ut
1484 1035 1713 1120 valcattno·

336 1191 432 1250 vere
453 1155 611 1272 pondus
630 1213 642 1251 ,
664 1149 732 1236 hle
754 1150 840 1236 fieri
858 1149 990 1264 potest
1006 1150 1326 1238 additamentum
1348 1152 1516 1265 ponderi
1539 1213 1552 1248 ,
1580 1180 1626 1234 ut
1644 1181 1715 1266 po-

338 1273 474 1372 tentiae
497 1270 638 1356 virtuti
661 1262 907 1382 respondeat.
952 1263 1021 1350 Est
1041 1292 1179 1350 autem
1202 1269 1538 1352 motuum·Ratio
1560 1261 1628 1352 ses
1649 1263 1715 1350 ui-

337 1391 487 1486 altera‚
513 1414 559 1470 ut
586 1379 719 1500 paldm
744 1382 901 1467 faciunt
918 1379 1080 1466 lirnium
1101 1381 1276 1480 duetus,
1297 1383 1521 1496 eorumque
1540 1298 1717 1497 explica:

338 1505 429 1592 tio:
457 1505 568 1589 Nam
588 1507 630 1584 iu
649 1501 780 1613 primo
799 1493 891 1580 casu
913 1500 1087 1580 maxima
1112 1494 1386 1582 trochlearum
1411 1497 1600 1582 distantia
1629 1498 1718 1594 cst.

338 1621 504 1742 quando
526 1616 709 1702 trochlta
739 1617 776 1697 A
806 1611 866 1698 est
896 1609 1011 1696 clavo
1048 1613 1093 1694 D
1128 1615 1348 1725 proximas
1379 1604 1505 1725 igitur
1530 1619 1718 1730 potentia

338 1761 527 1826 movetur
549 1761 621 1847 per
641 1727 809 1846 spatium
830 1789 842 1826 ,
863 1729 977 1839 cujus
998 1723 1298 1836 longitudinem
1321 1735 1488 1812 metitur
1506 1728 1617 1814 funis
1640 1760 1716 1814 ex·

338 1853 544 1972 plicatus,
569 1849 641 1962 qui
668 1843 726 1928 est
753 1839 900 1958 duplus
924 1840 1121 1926 distantia
1148 1841 1450 1941 trochlearum,
1480 1855 1522 1932 δι
1551 1847 1717 1957 pondus

338 1966 538 2054 accedens
561 1961 613 2046 ad
638 1958 860 2075 potentiam
883 1951 1044 2070 insuper
1065 1963 1263 2070 percurrit
1290 1955 1486 2072 spatium,
1518 1991 1602 2074 quo
1630 1989 1728 2042 tro--

339 2081 468 2168 chleae
492 2075 693 2165 distabant
715 2109 727 2170 ι
753 2077 879 2186 igitur
898 2099 1033 2154 motus
1060 2071 1248 2186 ponderis
1267 2075 1328 2158 est
1353 2101 1398 2158 ut
1426 2107 1478 2180 3,
1506 2085 1546 2160 δι
1571 2103 1720 2190 poten-

338 2201 530 2316 tia-utp.
588 2197 637 2276 Ιιι
660 2186 838 2274 secundo
872 2181 972 2271 verd
999 2189 1121 2284 calis,
1149 2189 1363 2273 Trochleae
1400 2191 1440 2273 G
1471 2202 1513 2280 δι
1544 2193 1589 2272 Η
1620 2192 1720 2276 clun

339 2309 532 2428 proximae
558 2305 677 2404 sunt,
703 2303 853 2390 distant
884 2297 908 2384 ai
936 2298 1055 2386 clavo
1078 2305 1118 2390 R
1138 2301 1256 2414 juxta
1277 2301 1580 2416 longitudinem
1605 2306 1718 2390 funis

341 2421 562 2544 explicati,
587 2419 683 2506 clun
707 2447 845 2503 autem
864 2413 1043 2502 maxime
1066 2417 1245 2502 invicem
1265 2417 1438 2517 absunt,
1467 2432 1508 2506 δι
1531 2429 1720 2536 potentia

339 2535 574 2656 transgressa
592 2535 652 2620 est
676 2535 838 2620 clavum
864 2536 930 2629 R,
954 2557 1063 2616 totus
1084 2530 1193 2618 funis
1211 2533 1447 2620 distributus
1465 2535 1526 2620 est
1547 2544 1590 2620 in
1615 2539 1721 2622 duos

338 2659 514 2754 duetus,
538 2649 874 2741 &trochlearum
901 2645 1157 2732 intervallum
1185 2648 1245 2734 est
1271 2651 1465 2736 medietas
1487 2649 1720 2764 longitudi-

341 2777 406 2862 nis
428 2773 536 2859 funis
558 2773 570 2864 ἰ
599 2771 723 2882 quare
747 2765 938 2881 ponderis
959 2789 1094 2848 motus
1117 2761 1176 2846 est
1202 2795 1248 2850 ut
1272 2797 1286 2850 1
1310 2827 1322 2865 ‚
1347 2781 1387 2854 ἃ
1409 2796 1544 2852 motus
1565 2797 1720 2884 poten-

342 2893 408 2976 tie
427 2915 473 2972 ut
499 2917 513 2971 1
535 2891 570 2994 ξ.
987 2951 990 2958 .
1176 2893 1194 2928 ’

393 3015 523 3104 Simili
540 3013 698 3102 ratione
719 3011 1090 3131 philosophandum
1108 3019 1215 3114 etit,
1242 3015 1270 3098 sr
1289 3013 1482 3100 trochleae
1501 3017 1723 3133 inequales

327 3149 658 3254 proponantur,
691 3159 738 3215 ut
766 3129 794 3214 li
820 3129 1021 3244 alterapsrt
1052 3135 1229 3218 duorum
1253 3130 1566 3231 orbiculorum,
1594 3135 1724 3216 altera

343 3255 465 3337 unius
479 3245 650 3341 orbiculi
671 3279 682 3330 t
700 3249 849 3360 Utique
865 3245 973 3331 funis
991 3275 1064 3362 per
1082 3245 1285 3332 orbiculos
1300 3247 1487 3352 trajedus
1501 3249 1724 3334 adnecten-

342 3369 421 3454 dus
440 3361 500 3484 cll
527 3361 697 3478 simplici
718 3359 936 3459 trochleae,
956 3358 1123 3478 ejdsque
1149 3362 1275 3448 altera
1305 3369 1538 3448 extremitas
1568 3363 1724 3450 alicubi

345 3480 553 3569 firmanda.
599 3483 701 3565 Non
728 3475 855 3592 igitur
884 3475 1233 3564 indiscriminatim
1264 3476 1346 3562 srva
1376 3479 1514 3578 huic,
1550 3479 1635 3565 sive
1663 3481 1724 3566 illi

345 3595 536 3683 trochleae
561 3594 823 3708 adjungenda
844 3591 905 3677 cst
932 3599 1114 3706 potentia
1130 3653 1147 3692 ,
1166 3592 1232 3680 sed
1251 3591 1362 3707 prius
1386 3593 1643 3686 statuendum
1671 3598 1724 3682 ti-

346 3715 389 3801 bi
408 3711 495 3809 est,
521 3709 657 3796 utrirm
684 3708 782 3793 velis
805 3709 965 3822 pondus
993 3739 1158 3794 movere
1187 3709 1309 3794 facile
1328 3769 1342 3807 ,
1361 3740 1415 3794 an
1439 3711 1668 3806 velociter5
1692 3715 1723 3800 fi

346 3825 495 3924 facile,
524 3828 673 3910 tardior
696 3823 744 3908 srt
764 3821 954 3936 ponderis
972 3827 1138 3922 motus,
1163 3821 1287 3942 qudrn
1311 3832 1501 3940 potentiae
1522 3861 1535 3920 ι
1559 3827 1584 3909 fi
1611 3829 1726 3915 velo-

284 3954 294 3967 ’
345 3949 447 4030 citer
465 4003 476 4041 ,
493 3942 641 4026 tardior
658 3939 705 4021 fit
717 3936 911 4053 potentia.
936 3937 1073 4026 Facile
1092 3941 1274 4026 movebis
1291 3944 1475 4057 pondus,
1494 3944 1520 4026 fi
1539 3953 1726 4058 potentia

345 4061 479 4147 trahat
506 4053 725 4170 simplicem
754 4051 1012 4155 orbiculum,
1040 4066 1082 4140 &
1111 4059 1267 4171 pondus
1299 4059 1501 4142 cohaereat
1529 4059 1723 4146 trochleae

343 4179 520 4262 duorum
534 4167 808 4258 orbiculorum
829 4205 838 4250 ι
857 4169 1063 4256 Velociter
1076 4197 1213 4255 autem
1235 4171 1468 4258 movebitur
1479 4175 1667 4288 pondus,
1692 4179 1723 4262 si

343 4290 447 4378 illud
467 4290 703 4374 adnedatur
719 4283 888 4399 fimplici
906 4282 1118 4384 orbiculo,
1148 4296 1329 4400 potentia
1354 4284 1455 4374 verb
1480 4289 1614 4374 trahat
1630 4321 1720 4376 tro-

343 4405 504 4495 chleam
517 4403 692 4488 duorum
707 4399 993 4485 orbiculorum.
1025 4405 1134 4486 Nam
1149 4409 1190 4484 iu
1207 4412 1337 4517 primo
1357 4403 1449 4489 casu
1461 4404 1574 4490 funis
1590 4409 1721 4521 expli·

341 4514 706 4634 cautsreplicatbr,
719 4527 762 4602 δι
776 4521 958 4631 potentia
975 4519 1128 4602 recedit
1144 4515 1382 4631 aponderer
1399 4525 1441 4602 iu
1459 4518 1639 4604 necundo
1652 4525 1717 4610 fu-

268 4701 273 4711 .
339 4641 402 4728 uis
423 4633 637 4753 replicatus
647 4629 898 4746 explicatur,
917 4643 958 4722 δι
973 4633 1134 4747 pondus
1149 4637 1372 4726 acceditad
1385 4641 1628 4764 potentiam.

1656 4751 1717 4839 Sit
