3794 5270
392 210 534 353 *796
899 189 1345 310 *lllechenitrarrm
1396 239 1402 250 ·

410 399 547 459 uncos
557 393 627 452 aut
636 357 811 448 annulos
823 355 983 446 annulis
999 357 1045 458 H
1062 369 1104 446 dr
1121 363 1139 444 l
1156 356 1388 448 inserendos
1399 393 1471 451 aut
1481 370 1757 476 eonnedendos,

415 489 462 576 ei
474 512 614 573 tamen
629 483 784 566 ratione
802 475 1029 594 dispositos,
1039 505 1083 560 ut
1095 478 1195 562 dum
1208 477 1358 564 lamina
1374 483 1451 569 Hl
1469 491 1509 570 vi
1521 485 1689 574 cochlea
1700 517 1757 577 tra·

413 609 528 694 lritur
545 598 745 704 ,brachia
762 593 844 712 ipe
865 597 917 682 ad
943 591 985 680 se
1009 598 1188 680 invicem
1212 597 1448 685 accedendo
1470 597 1661 715 forcipcn's
1681 637 1756 692 con-

415 723 513 810 strin
545 745 627 804 ant.
1179 767 1181 772 ·

473 749 611 928 Urium
625 859 816 949 praeterea
829 826 1087 923 addendum,
1104 825 1215 940 qnod
1231 859 1317 914 non
1332 828 1505 921 levisest
1520 841 1758 936 momentu&

413 950 511 1044 alids
527 980 693 1070 quoque
706 943 904 1032 observari
920 947 1081 1059 poterit.
1112 945 1368 1060 Contingere
1382 951 1535 1066 potest,
1551 955 1757 1040 utomnibus
1842 1039 1843 1044 r

317 1141 320 1146 .
413 1065 664 1160 nododiuo
682 1064 848 1182 paratis,
869 1055 1112 1176 potentiale
1135 1061 1399 1150 rnfirmiorem
1415 1066 1584 1167 sentiat,
1606 1067 1712 1184 quim
1725 1099 1758 1154 ut

412 1175 1113 1276 valencircumdoetomanubriol)
1123 1177 1156 1307 ,E
1170 1178 1382 1266 cochleam
1395 1213 1674 1300 contorquere.
1686 1179 1758 1269 Hoc

309 1337 318 1355 ⁸
411 1308 538 1422 igitur
553 1299 628 1388 tibi
645 1297 869 1382 remedium
882 1321 1069 1409 compara
1084 1329 1095 1373 r
1108 1291 1338 1406 longiorem
1350 1305 1509 1385 vedere
1525 1301 1659 1387 validis
1672 1301 1758 1387 firni-

408 1419 515 1507 culis
531 1415 677 1528 colliga
690 1441 787 1499 cum
802 1409 1016 1495 manubrio
1043 1413 1085 1494 D
1098 1411 1128 1491 E
1143 1471 1153 1507 ,
1175 1423 1217 1498 ὅ(
1232 1415 1346 1498 rede
1364 1415 1436 1500 illo
1449 1419 1561 1534 quafi
1579 1416 1757 1502 manubrio

411 1565 531 1622 utens
544 1534 761 1650 experieris
780 1556 854 1646 pro
865 1529 1039 1615 Ratione
1054 1525 1322 1638 longitudinis
1335 1537 1451 1623 atteia
1463 1563 1756 1628 momentaum.

410 1651 516 1770 plior
536 1649 733 1774 srquidcm
745 1643 994 1762 peripheria,
1012 1671 1102 1757 quat
1119 1669 1218 1727 tunc
1231 1641 1253 1726 d
1268 1647 1447 1758 potentii
1461 1648 1757 1748 describitur,ad

412 1767 607 1885 spirarum
619 1761 798 1852 cochleae
812 1755 1069 1848 intervallum
1090 1757 1216 1844 habet
1229 1763 1430 1872 Maiorem
1443 1771 1672 1852 Rationem.

765 1995 1258 2107 Pnouossrso
1339 2003 1449 2108 111.
1546 2133 1552 2140 ἠ

560 2227 777 2319 Numerum
797 2215 979 2355 pafflrrrrn
994 2247 1068 2312 aut
1092 2245 1179 2314 rate
1202 2221 1479 2347 conversionem
1494 2228 1640 2321 metiri.

411 2445 582 2685 Hoc
598 2461 709 2568 idem
723 2441 930 2578 problema
947 2453 1017 2541 lib.
1024 2487 1059 2565 5.
1071 2482 1199 2570 capp.
1216 2482 1371 2584 propr.
1387 2461 1636 2578 propolitum
1647 2463 1755 2561 ena

517 2599 588 2698 per
609 2577 757 2664 rotulas
780 2577 964 2662 dentatas
986 2571 1149 2683 singuiis
1174 2583 1317 2686 prroris
1341 2605 1436 2661 rota
1459 2580 1756 2666 convernonrhn

408 2703 659 2817 excipientes
674 2691 957 2802 impulfionem
969 2687 1216 2801 singulorum
1231 2683 1442 2792 dentuun,
1456 2700 1500 2778 in
1513 2725 1616 2796 quos
1632 2701 1753 2813 prorni-

409 2847 512 2907 nens
544 2811 713 2928 paxillus
740 2812 951 2904 incurrat·,
979 2803 1120 2919 perfici
1147 2803 1255 2919 poffe
1282 2809 1513 2895 indicatum
1539 2812 1610 2898 est.
1655 2817 1755 2898 Nunc

408 2933 531 3022 aliam
554 2927 796 3014 methodum
814 2922 992 3008 indicare
1009 2919 1142 3034 placet
1164 2949 1215 3007 ex
1236 2923 1308 3026 iis,
1327 2957 1420 3040 quat
1436 2926 1636 3042 superiore
1654 2927 1755 3044 capite

407 3049 501 3138 sunt
515 3046 625 3133 dieta
635 3043 688 3128 de
701 3037 885 3128 Cochlei
903 3035 1078 3157 Infinita.
1119 3034 1296 3126 Primam
1315 3045 1482 3158 quidem
1504 3045 1689 3156 rotulam,
1704 3049 1753 3128 cui

407 3193 544 3256 motus
559 3158 678 3272 origo
692 3155 796 3242 inest
814 3185 864 3240 ex
880 3151 1054 3238 funiculi
1082 3153 1304 3257 studione,
1323 3189 1442 3274 prout
1460 3158 1516 3246 ibi
1540 3165 1688 3248 dadum
1701 3157 1755 3252 cll,

407 3282 583 3371 eandem
601 3276 727 3360 statue
743 3333 755 3372 ,
770 3282 812 3358 δι
825 3269 931 3354 illius
944 3265 1030 3354 axis
1044 3271 1273 3358 extremitas
1284 3277 1464 3390 apposito
1475 3273 1615 3364 indice
1630 3306 1683 3362 tot
1693 3271 1756 3392 psl:

272 3485 276 3494 ,
409 3397 493 3498 lus,
512 3419 583 3482 aut
604 3419 665 3476 tot
688 3417 786 3476 rotae
809 3385 1089 3472 converfiones
1110 3389 1337 3489 indicabit,
1357 3421 1459 3508 quot
1478 3391 1525 3480 in
1549 3397 1682 3481 dentes
1696 3387 1757 3508 ipsa

408 3521 537 3629 prima
557 3501 909 3594 rotuladistributa
928 3501 1183 3619 intelligitur.
1228 3509 1367 3616 Hujus
1386 3511 1523 3596 roculae
1547 3518 1631 3596 axis
1649 3515 1685 3592 in
1702 3539 1755 3591 co

409 3624 573 3718 chleam
582 3624 787 3709 infinitam
800 3617 1050 3706 deformetur
1062 3681 1073 3720 ‚
1087 3621 1153 3706 cui
1169 3617 1236 3726 sua
1249 3621 1376 3709 rotula
1388 3627 1554 3730 dentata
1568 3651 1753 3739 congruns

409 3743 784 3858 &singulisprima
797 3733 938 3821 rottrlae
950 3739 1437 3854 couverlionibussrnguli
1450 3745 1594 3843 dentes
1605 3741 1755 3828 secunda

457 3888 701 3948 omovenrur
713 3879 855 3970 :atque
871 3848 978 3939 aded
993 3883 1093 3969 quot
1109 3857 1254 3941 dentes
1267 3853 1450 3945 secundae
1462 3863 1535 3945 hui
1540 3891 1562 3944 c
1577 3855 1755 3943 rotulaeiu·

334 4052 338 4058 .
406 3894 578 4079 lelunut
592 3977 680 4063 haec
695 3977 894 4086 integram
910 3972 1213 4058 conversionem
1229 3974 1436 4090 perficiat,
1452 4007 1514 4059 tot
1527 3981 1758 4090 requiruntur

406 4101 551 4216 prioris
573 4087 1024 4180 rotulaeconecrfioues.
1066 4087 1260 4174 Similiter
1273 4087 1458 4178 secunda
1482 4095 1622 4178 rotulae
1635 4086 1756 4178 axisln

409 4212 624 4304 cochleam
641 4204 845 4294 infinitam
859 4203 1128 4306 deformetur,
1153 4217 1194 4293 dc
1214 4209 1564 4302 tertiamsorulanr
1579 4211 1757 4296 dentatam

408 4354 634 4425 convertat,
647 4323 857 4440 cujus-axis
873 4327 1189 4436 paritertertiam
1200 4323 1623 4411 cochleaminhnr'tam
1634 4323 1755 4410 conili-

358 4480 365 4488 ·
407 4476 526 4538 ruere
540 4441 685 4560 potest,
698 4451 740 4527 dc
755 4443 940 4556 quartam
956 4437 1127 4524 rotulam
1140 4467 1235 4525 cum
1248 4437 1318 4524 suo
1330 4472 1404 4528 axe
1420 4453 1460 4530 δι
1473 4435 1756 4529 indicecontol·

405 4593 516 4654 ¹rere.
544 4557 808 4674 Singulorum
821 4559 959 4640 axium
972 4555 1301 4667 extremitatesiu
1316 4559 1419 4644 facie
1435 4555 1754 4644 loculamentiad·

404 4687 515 4806 jede
529 4677 668 4769 indice
680 4673 734 4762 ob
754 4670 894 4770 oeulos
916 4699 1085 4794 ponunt·
1097 4704 1315 4765 numerum
1333 4675 1630 4766 revolutionum
1642 4675 1754 4810 proxi:
1794 4785 1797 4794 Ι

888 4841 895 4852 ·
977 4841 983 4848 ·
1703 4813 1755 4873 nc
