3818 5264
380 239 485 360 '144
529 283 535 292 ·
845 205 1268 328 mechanicorum
1320 325 1324 335 ,

361 369 382 470 J
431 374 733 489 Quidaiitem
750 376 866 490 pado
875 373 1325 490 contingat,explicarc
1335 369 1549 487 operosum
1562 393 1645 464 non
1658 377 1745 466 liro-

374 502 427 584 rit
442 491 616 581 funiculi
630 519 831 576 texturam
849 491 1116 578 consideranti
1128 525 1141 583 ς
1155 521 1207 575 ex
1225 491 1456 602 tenuissimis
1477 487 1629 576 scilicet
1647 494 1743 580 linei

369 639 445 704 aur
461 609 678 694 cannabini
698 612 859 690 corticis
869 605 990 716 longi
1007 609 1300 701 maceratione,
1313 618 1352 692 δι
1368 603 1545 718 ‘plurimi
1558 608 1745 697 tunsione

360 721 804 836 -extcnuat'rparticulis
827 725 871 806 in
885 719 1027 837 spiram
1038 726 1233 806 contortis
1250 720 1365 806 filum
1382 721 1584 818 cohaeret3
1600 753 1652 808 ex
1668 724 1745 810 filis
1791 809 1795 822 ,

371 853 522 930 autent
522 827 711 952 plusculis
722 843 765 921 in
781 835 923 952 spiram
939 840 1087 952 pariter
1104 839 1298 922 contortis
1312 835 1540 933 funiculus,
1557 849 1600 923 δι
1614 837 1741 954 pluri-

374 959 449 1046 bus
464 952 656 1042 funiculis
668 953 864 1040 crassiores
877 955 1066 1039 rudentes
1081 949 1747 1066 conflantur:quodlidilsolvatur
1789 978 1791 982 ·

374 1077 506 1159 omnis
523 1067 646 1184 spira,
663 1099 748 1152 non
764 1069 973 1154 cohaerent
986 1066 1249 1180 funiculi-aut
1273 1065 1330 1150 fili
1350 1095 1494 1181 partes.
1538 1071 1650 1182 Spita
1664 1067 1743 1156 dis-

374 1187 540 1278 solvitur
556 1182 660 1271 neta
670 1189 714 1268 in
727 1189 973 1268 contrarium
987 1181 1260 1277 revolutiones
1276 1179 1362 1298 qud
1375 1209 1512 1272 autem
1525 1183 1743 1270 laxioribus

372 1304 483 1418 gyris
503 1301 700 1398 destitui,
720 1296 774 1386 eb
794 1297 951 1388 sacililis
975 1297 1059 1384 villi
1075 1298 1220 1410 singuli
1240 1329 1291 1384 cir
1310 1303 1484 1398 cacteris,
1501 1298 1650 1415 quibus
1664 1305 1742 1385 im·

363 1422 596 1536 plicantur,
618 1415 890 1526 extrahuntur
906 1450 918 1509 5
934 1425 977 1502 δι
1001 1443 1085 1498 uno
1107 1413 1158 1498 ab
1175 1413 1345 1499 aliorum
1370 1419 1660 1501 communione
1683 1413 1742 1498 se-

369 1529 770 1650 junsto,amplrtudo
788 1527 898 1645 spatij
909 1527 1139 1615 faciliorem
1156 1534 1310 1624 exitum
1324 1536 1514 1644 proximis
1528 1531 1742 1646 relinquit:

370 1680 425 1738 ex
442 1659 524 1763 quo
550 1647 596 1732 lit
621 1644 777 1732 facilibs
799 1645 952 1760 semper
974 1675 1022 1729 ae
1041 1641 1201 1752 sacilibs'
1215 1641 1323 1762 polle
1340 1645 1571 1733 funiculum
1588 1645 1743 1756 frangit

372 1764 443 1850 iilo
455 1771 566 1850 enirn
582 1791 665 1846 uno
679 1789 817 1874 rupto,
829 1789 900 1844 aut
912 1763 1113 1858 extracto,
1127 1759 1282 1846 facilior
1294 1761 1356 1853 est
1370 1766 1415 1846 in
1427 1765 1673 1846 contrarium
1685 1792 1746 1846 re-

370 1879 553 1976 volutio,
571 1886 614 1962 dt
629 1873 730 1992 spira
754 1877 801 1962 fit
813 1875 1003 1990 amplior,
1019 1903 1068 1958 ac
1088 1875 1243 1990 reliqua
1265 1876 1330 1962 fila
1349 1875 1505 1964 sacililis
1518 1878 1744 1963 extrahun-

370 2023 449 2080 tur.
488 1990 760 2080 Observamus
775 2018 912 2076 autem
925 2019 1011 2076 non
1029 1985 1120 2074 rard
1134 1989 1354 2106 appensum
1373 2022 1425 2076 ex
1439 1992 1622 2076 funiculo
1639 2021 1744 2108 pon,-

368 2111 448 2198 dus
463 2108 701 2224 aliquandiu
716 2112 761 2191 in
778 2135 923 2221 gyrum
941 2113 1224 2220 contorquent
1241 2109 1342 2192 dum
1359 2104 1510 2202 scilicet
1528 2105 1594 2194 suri
1607 2113 1743 2220 gravi-

371 2251 454 2308 tate
479 2217 666 2310 deorsum
690 2231 903 2336 enutrirent
929 2223 1107 2307 intendit
1122 2219 1382 2322 funiculum,
1406 2251 1590 2306 contorta
1613 2221 1681 2308 fila
1702 2228 1746 2310 iu

371 2343 619 2430 eontrarium
633 2335 910 2426 revolvuntur.
940 2337 1024 2426 Sed
1039 2347 1080 2428 δι
1092 2398 1104 2436 ,
1118 2343 1302 2454 quamvis
1322 2337 1431 2422 nulla
1449 2339 1564 2422 fieret
1580 2343 1624 2422 in
1641 2369 1744 2422 con-

371 2457 539 2540 trarium
556 2454 779 2553 revolutio,
799 2450 889 2538 satis
912 2450 1069 2538 constat
1092 2482 1144 2540 ex
1172 2452 1239 2538 ills
1261 2454 1486 2544 intensione
1510 2451 1745 2544 funiculum

372 2567 564 2668 distrahi,
578 2599 626 2686 ac
639 2572 833 2686 producis
846 2563 970 2684 atque
982 2564 1088 2658 aded
1108 2566 1250 2682 spiram
1264 2569 1582 2667 laxioremsien,
1605 2569 1746 2684 paula÷

372 2693 530 2800 timque
544 2714 674 2772 unuin
689 2713 760 2770 aut
774 2683 946 2773 alterum
961 2682 1103 2771 villum
1116 2684 1262 2782 educi,
1279 2683 1497 2797 locumque
1514 2685 1604 2772 fieri
1618 2715 1745 2801 vapo-

370 2799 506 2898 ribus,
520 2805 591 2916 qui
601 2804 832 2920 proximum
844 2799 987 2884 villum
1000 2799 1483 2914 corrumpentessaciliori
1498 2797 1663 2884 seiffioni
1677 2830 1747 2916 pa-

371 2942 463 3004 rant
477 2975 488 3014 ,
501 2941 625 3030 atque
640 2910 746 3006 adeb
757 2977 771 3015 ,
784 2912 964 3030 serpente
982 2913 1259 3041 lue,dembm
1273 2947 1357 3000 non
1370 2944 1429 3000 tot
1442 2921 1591 3027 integri
1604 2911 1747 3030 super-

373 3027 466 3118 fimt
481 3028 567 3114 villi
586 3091 598 3128 ,
617 3035 696 3146 qui
710 3031 853 3146 pollint
876 3031 1065 3146 ponderis
1087 3033 1275 3144 'gravitati
1302 3031 1519 3130 obsistere,
1539 3036 1642 3145 quin
1662 3031 1744 3116 dis-

355 3146 614 3258 .fringantur.
644 3149 705 3239 Ex
714 3177 806 3349 quo
824 3144 913 3236 satis
924 3173 1089 3262 apparet
1105 3143 1334 3261 suspensum
1345 3147 1503 3263 pondus
1514 3146 1644 3246 ,licet
1660 3175 1747 3230 non

374 3256 547 3350 omnino
565 3257 713 3347 descen
767 3265 1020 3377 t,impetuni
1036 3289 1173 3348 tamen
1195 3267 1434 3378 concipere,
1452 3293 1535 3379 quo
1552 3266 1746 3348 retinenti

372 3402 596 3497 repugnat,
616 3385 658 3466 δι
676 3381 762 3466 vim
775 3377 954 3489 aliquam
965 3377 1131 3464 viciffitn
1144 3377 1299 3466 insert..
1330 3403 1332 3408 ’

432 3495 527 3580 Nec
546 3489 714 3578 absimili
730 3497 885 3579 ratione
901 3496 947 3574 in
964 3490 1128 3606 reliquis
1142 3499 1226 3580 vim
1237 3494 1483 3609 parientibus
1502 3495 1744 3610 contingere

276 3669 281 3678 .
369 3601 694 3707 'observabimum
708 3639 758 3696 ea
779 3604 931 3696 scilicet
949 3605 1083 3695 inoliti
1102 3604 1216 3692 illicb
1235 3611 1423 3700 naturalis
1438 3608 1560 3700 statiis
1582 3637 1743 3724 repara·

372 3725 550 3819 tionem,
570 3722 622 3806 ali
655 3725 808 3836 uidque
826 3724 1006 3822 efficere,
1025 3719 1125 3808 licbt
1139 3727 1430 3823 tenuissimum,
1448 3729 1560 3842 quod
1577 3727 1745 3814 demunt

354 3865 586 3964 appareat,
602 3753 674 3924 ubi
695 3844 884 3956 temporis
897 3837 1011 3926 niori
1025 3867 1291 3949 augmentum
1313 3844 1477 3961 ceperit.
1507 3846 1572 3926 Sic
1588 3839 1745 3932 hallam

373 3983 447 4069 per
459 3957 543 4043 tini
557 3952 749 4044 inflexam
765 3947 1006 4044 sicontinud
1024 3955 1224 4054 dimittas,
1237 3955 1304 4040 illa
1317 3954 1396 4041 sese
1406 3957 1601 4056 restituit,
1614 3955 1744 4041 facul·

373 4095 458 4160 tate
476 4067 664 4164 elasticds
685 4098 727 4156 at
743 4069 772 4154 fi
790 4071 876 4156 dies
891 4067 1077 4182 aliquot,
1101 4097 1172 4154 aut
1187 4076 1310 4158 etiam
1325 4073 1477 4164 diutiiis
1497 4103 1570 4187 pet
1592 4076 1673 4157 vim
1689 4071 1743 4155 si-
1789 4099 1795 4110 ·
1833 4150 1835 4156 .

372 4211 497 4274 nuaia
502 4183 792 4302 permanserit,
811 4183 883 4268 sibi
899 4179 1056 4290 dimissa
1063 4189 1274 4301 antiquam
1286 4190 1571 4274 reditudinem
1583 4215 1666 4273 non
1680 4217 1743 4272 re·

371 4298 705 4415 patatselanguit
720 4297 911 4391 nimirlsm
925 4297 1094 4389 facultas
1107 4300 1392 4417 elastica,qnae
1403 4333 1454 4394 ex
1469 4301 1647 4389 violenti
1657 4330 1746 4423 par·

372 4413 588 4506 titulatum
610 4447 700 4502 coin
732 4414 894 4500 sessione
909 4443 980 4500 aut
994 4415 1249 4506 distractione
1263 4419 1476 4506 oriebatur,
1503 4419 1614 4508 cnm
1629 4423 1743 4507 enirn

369 4526 547 4649 priinlim
560 4531 672 4618 hasta
687 4443 864 4622 flebitur
872 4529 1102 4645 ,particulae
1114 4562 1335 4618 concavam
1346 4562 1574 4632 curvaturae
1586 4565 1743 4650 partem

369 4641 625 4763 respicientes
643 4650 986 4766 comprimuntur,
998 4675 1142 4737 contra
1156 4643 1272 4768 terit,
1283 4679 1372 4768 quat
1386 4680 1613 4742 convexam
1622 4653 1742 4769 respi-

1564 4797 1568 4807 ·
1599 4797 1730 4872 ciunt,
