<?xml version="1.0" encoding="UTF-8"?>
<!DOCTYPE html PUBLIC "-//W3C//DTD XHTML 1.0 Transitional//EN"
    "http://www.w3.org/TR/xhtml1/DTD/xhtml1-transitional.dtd">
<html xmlns="http://www.w3.org/1999/xhtml" xml:lang="en" lang="en">
 <head>
  <title>
</title>
<meta http-equiv="Content-Type" content="text/html;charset=utf-8" />
  <meta name='ocr-system' content='tesseract 3.04.00' />
  <meta name='ocr-capabilities' content='ocr_page ocr_carea ocr_par ocr_line ocrx_word'/>
</head>
<body>
  <div class='ocr_page' id='page_1' title='image "./rppaulicasatipl00casagoog_0490.png"; bbox 0 0 3766 5270; ppageno 0'>
   <div class='ocr_carea' id='block_1_1' title="bbox 130 217 1505 603">
    <p class='ocr_par' dir='ltr' id='par_1_1' title="bbox 130 217 1505 603">
     <span class='ocr_line' id='line_1_1' title="bbox 401 217 1505 396; baseline 0.021 -61"><span class='ocrx_word' id='word_1_1' title='bbox 401 218 557 336; x_wconf 77' lang='lat' dir='ltr'>Liber</span> <span class='ocrx_word' id='word_1_2' title='bbox 580 219 815 378; x_wconf 76' lang='lat' dir='ltr'>qtmrtut&#39;.¹</span> <span class='ocrx_word' id='word_1_3' title='bbox 853 217 1226 372; x_wconf 51' lang='lat' dir='ltr'>CnuuT&#39;XV.</span> <span class='ocrx_word' id='word_1_4' title='bbox 1389 249 1505 396; x_wconf 66' lang='lat'>4672</span> 
     </span>
     <span class='ocr_line' id='line_1_2' title="bbox 130 381 1504 603; baseline 0.02 -132"><span class='ocrx_word' id='word_1_5' title='bbox 130 389 188 472; x_wconf 85' lang='lat' dir='ltr'>tis</span> <span class='ocrx_word' id='word_1_6' title='bbox 202 381 526 498; x_wconf 81' lang='lat' dir='ltr'>longitudinem,</span> <span class='ocrx_word' id='word_1_7' title='bbox 545 381 684 500; x_wconf 82' lang='lat' dir='ltr'>ibique</span> <span class='ocrx_word' id='word_1_8' title='bbox 700 385 746 470; x_wconf 89' lang='lat' dir='ltr'>fit</span> <span class='ocrx_word' id='word_1_9' title='bbox 767 390 987 476; x_wconf 78' lang='lat' dir='ltr'>conversio.</span> <span class='ocrx_word' id='word_1_10' title='bbox 1032 395 1236 486; x_wconf 80' lang='lat' dir='ltr'>Caettrltm</span> <span class='ocrx_word' id='word_1_11' title='bbox 1249 408 1504 603; x_wconf 61' lang='lat' dir='ltr'>puicumque</span> 
     </span>
    </p>
   </div>
   <div class='ocr_carea' id='block_1_2' title="bbox 61 499 1505 764">
    <p class='ocr_par' dir='ltr' id='par_1_2' title="bbox 61 499 1505 764">
     <span class='ocr_line' id='line_1_3' title="bbox 61 499 1505 633; baseline 0.021 -49"><span class='ocrx_word' id='word_1_12' title='bbox 61 587 65 595; x_wconf 72' lang='grc'><strong><em>,</em></strong></span> <span class='ocrx_word' id='word_1_13' title='bbox 129 501 242 590; x_wconf 87' lang='lat' dir='ltr'>navis</span> <span class='ocrx_word' id='word_1_14' title='bbox 257 499 457 598; x_wconf 86' lang='lat' dir='ltr'>formam,</span> <span class='ocrx_word' id='word_1_15' title='bbox 486 527 862 617; x_wconf 79' lang='lat' dir='ltr'>tormentorumque</span> <span class='ocrx_word' id='word_1_16' title='bbox 884 503 1122 598; x_wconf 89' lang='lat' dir='ltr'>bellicorum</span> <span class='ocrx_word' id='word_1_17' title='bbox 1140 515 1253 633; x_wconf 83' lang='lat' dir='ltr'>dispo</span> <span class='ocrx_word' id='word_1_18' title='bbox 1269 521 1440 628; x_wconf 76' lang='lat' dir='ltr'>itionem</span> <span class='ocrx_word' id='word_1_19' title='bbox 1454 563 1505 620; x_wconf 84' lang='lat' dir='ltr'>ac</span> 
     </span>
     <span class='ocr_line' id='line_1_4' title="bbox 129 613 1504 764; baseline 0.02 -60"><span class='ocrx_word' id='word_1_20' title='bbox 129 643 345 708; x_wconf 85' lang='lat' dir='ltr'>numerum</span> <span class='ocrx_word' id='word_1_21' title='bbox 360 613 544 702; x_wconf 83' lang='lat' dir='ltr'><strong>observet</strong></span> <span class='ocrx_word' id='word_1_22' title='bbox 557 677 568 714; x_wconf 93' lang='lat'>,</span> <span class='ocrx_word' id='word_1_23' title='bbox 582 623 725 732; x_wconf 88' lang='lat' dir='ltr'>utique</span> <span class='ocrx_word' id='word_1_24' title='bbox 738 649 928 706; x_wconf 84' lang='lat' dir='ltr'>centrum</span> <span class='ocrx_word' id='word_1_25' title='bbox 941 629 1147 736; x_wconf 75' lang='lat' dir='ltr'>gravitatis</span> <span class='ocrx_word' id='word_1_26' title='bbox 1158 637 1265 719; x_wconf 85' lang='lat' dir='ltr'>iuter</span> <span class='ocrx_word' id='word_1_27' title='bbox 1273 648 1443 764; x_wconf 80' lang='lat' dir='ltr'>puppim</span> <span class='ocrx_word' id='word_1_28' title='bbox 1460 661 1504 738; x_wconf 73' lang='grc' dir='ltr'>δι</span> 
     </span>
    </p>
   </div>
   <div class='ocr_carea' id='block_1_3' title="bbox 21 732 1632 4356">
    <p class='ocr_par' dir='ltr' id='par_1_3' title="bbox 21 732 1632 4356">
     <span class='ocr_line' id='line_1_5' title="bbox 130 732 1591 880; baseline 0.025 -67"><span class='ocrx_word' id='word_1_29' title='bbox 130 733 279 822; x_wconf 77' lang='lat' dir='ltr'>malurn</span> <span class='ocrx_word' id='word_1_30' title='bbox 296 737 545 848; x_wconf 76' lang='lat' dir='ltr'>praecipuum</span> <span class='ocrx_word' id='word_1_31' title='bbox 563 737 823 843; x_wconf 71' lang='lat' dir='ltr'>interjedum</span> <span class='ocrx_word' id='word_1_32' title='bbox 837 732 915 822; x_wconf 86' lang='lat' dir='ltr'>esse</span> <span class='ocrx_word' id='word_1_33' title='bbox 930 741 1143 830; x_wconf 83' lang='lat' dir='ltr'>affirmabit</span> <span class='ocrx_word' id='word_1_34' title='bbox 1155 781 1167 842; x_wconf 79' lang='lat' dir='ltr'>t</span> <span class='ocrx_word' id='word_1_35' title='bbox 1179 759 1507 866; x_wconf 82' lang='lat' dir='ltr'>praelettimcum</span> <span class='ocrx_word' id='word_1_36' title='bbox 1573 849 1591 880; x_wconf 29' lang='grc' dir='ltr'>κ</span> 
     </span>
     <span class='ocr_line' id='line_1_6' title="bbox 21 842 1632 990; baseline 0.018 -55"><span class='ocrx_word' id='word_1_37' title='bbox 21 849 22 862; x_wconf 61' lang='lat'><em>&#39;</em></span> <span class='ocrx_word' id='word_1_38' title='bbox 131 842 775 948; x_wconf 65' lang='lat' dir='ltr'>idneceffefitmeventorumvi</span> <span class='ocrx_word' id='word_1_39' title='bbox 792 860 1503 990; x_wconf 68' lang='lat' dir='ltr'>proranimisdeprimatuttidquod</span> <span class='ocrx_word' id='word_1_40' title='bbox 1628 956 1632 964; x_wconf 91' lang='lat'>.</span> 
     </span>
     <span class='ocr_line' id='line_1_7' title="bbox 129 961 1562 1093; baseline 0.023 -41"><span class='ocrx_word' id='word_1_41' title='bbox 129 966 255 1052; x_wconf 91' lang='lat' dir='ltr'>multo</span> <span class='ocrx_word' id='word_1_42' title='bbox 269 961 522 1058; x_wconf 66' lang='lat' dir='ltr'>manifestius</span> <span class='ocrx_word' id='word_1_43' title='bbox 536 964 752 1050; x_wconf 85' lang='lat' dir='ltr'>innotescit</span> <span class='ocrx_word' id='word_1_44' title='bbox 765 969 808 1052; x_wconf 91' lang='lat' dir='ltr'>in</span> <span class='ocrx_word' id='word_1_45' title='bbox 820 971 1043 1059; x_wconf 81' lang='lat' dir='ltr'>minoribus</span> <span class='ocrx_word' id='word_1_46' title='bbox 1059 985 1253 1093; x_wconf 89' lang='lat' dir='ltr'>navigiis,</span> <span class='ocrx_word' id='word_1_47' title='bbox 1270 984 1297 1068; x_wconf 85' lang='lat' dir='ltr'>sr</span> <span class='ocrx_word' id='word_1_48' title='bbox 1313 985 1419 1081; x_wconf 72' lang='lat' dir='ltr'>forte</span> <span class='ocrx_word' id='word_1_49' title='bbox 1431 1027 1503 1084; x_wconf 83' lang='lat' dir='ltr'>ve-</span> <span class='ocrx_word' id='word_1_50' title='bbox 1559 1079 1562 1084; x_wconf 86' lang='lat'><em>.</em></span> 
     </span>
     <span class='ocr_line' id='line_1_8' title="bbox 129 1080 1352 1206; baseline 0.016 -38"><span class='ocrx_word' id='word_1_51' title='bbox 129 1081 234 1168; x_wconf 89' lang='lat' dir='ltr'>louti</span> <span class='ocrx_word' id='word_1_52' title='bbox 254 1084 491 1193; x_wconf 85' lang='lat' dir='ltr'>contingat,</span> <span class='ocrx_word' id='word_1_53' title='bbox 507 1080 632 1168; x_wconf 87' lang='lat' dir='ltr'>malus</span> <span class='ocrx_word' id='word_1_54' title='bbox 643 1087 755 1168; x_wconf 87' lang='lat' dir='ltr'>enirn</span> <span class='ocrx_word' id='word_1_55' title='bbox 762 1085 1000 1174; x_wconf 68' lang='lat' dir='ltr'>maximead</span> <span class='ocrx_word' id='word_1_56' title='bbox 1010 1119 1170 1206; x_wconf 81' lang='lat' dir='ltr'>proram</span> <span class='ocrx_word' id='word_1_57' title='bbox 1181 1102 1352 1186; x_wconf 85' lang='lat' dir='ltr'>accedit.</span> 
     </span>
     <span class='ocr_line' id='line_1_9' title="bbox 183 1193 1505 1348; baseline 0.016 -66"><span class='ocrx_word' id='word_1_58' title='bbox 183 1202 242 1282; x_wconf 86' lang='lat' dir='ltr'>Sit</span> <span class='ocrx_word' id='word_1_59' title='bbox 256 1199 382 1306; x_wconf 89' lang='lat' dir='ltr'>igitur</span> <span class='ocrx_word' id='word_1_60' title='bbox 391 1193 528 1283; x_wconf 83' lang='lat' dir='ltr'>catina</span> <span class='ocrx_word' id='word_1_61' title='bbox 548 1201 653 1296; x_wconf 86' lang='lat' dir='ltr'>AB,</span> <span class='ocrx_word' id='word_1_62' title='bbox 668 1205 841 1284; x_wconf 84' lang='lat' dir='ltr'>maxima</span> <span class='ocrx_word' id='word_1_63' title='bbox 857 1201 971 1286; x_wconf 87' lang='lat' dir='ltr'>navis</span> <span class='ocrx_word' id='word_1_64' title='bbox 987 1204 1158 1296; x_wconf 85' lang='lat' dir='ltr'>latitudo</span> <span class='ocrx_word' id='word_1_65' title='bbox 1171 1212 1219 1296; x_wconf 90' lang='lat' dir='ltr'><strong>H</strong></span> <span class='ocrx_word' id='word_1_66' title='bbox 1227 1219 1247 1298; x_wconf 91' lang='grc' dir='ltr'><strong>Ι</strong></span> <span class='ocrx_word' id='word_1_67' title='bbox 1255 1273 1267 1315; x_wconf 84' lang='grc'>,</span> <span class='ocrx_word' id='word_1_68' title='bbox 1280 1219 1409 1312; x_wconf 81' lang='lat' dir='ltr'>malus</span> <span class='ocrx_word' id='word_1_69' title='bbox 1416 1233 1505 1348; x_wconf 62' lang='lat' dir='ltr'>pria</span> 
     </span>
     <span class='ocr_line' id='line_1_10' title="bbox 130 1311 1064 1436; baseline 0.007 -39"><span class='ocrx_word' id='word_1_70' title='bbox 130 1317 272 1398; x_wconf 83' lang='lat' dir='ltr'>marius</span> <span class='ocrx_word' id='word_1_71' title='bbox 294 1315 340 1396; x_wconf 90' lang='lat' dir='ltr'>in</span> <span class='ocrx_word' id='word_1_72' title='bbox 368 1311 443 1411; x_wconf 89' lang='lat' dir='ltr'>G,</span> <span class='ocrx_word' id='word_1_73' title='bbox 472 1339 661 1397; x_wconf 86' lang='lat' dir='ltr'>centrum</span> <span class='ocrx_word' id='word_1_74' title='bbox 681 1315 887 1427; x_wconf 85' lang='lat' dir='ltr'>gravitatis</span> <span class='ocrx_word' id='word_1_75' title='bbox 912 1324 1064 1436; x_wconf 87' lang='lat' dir='ltr'>navigij</span> 
     </span>
     <span class='ocr_line' id='line_1_11' title="bbox 130 1423 1502 1566; baseline 0.012 -53"><span class='ocrx_word' id='word_1_76' title='bbox 130 1449 261 1542; x_wconf 77' lang='lat' dir='ltr'>exgr.</span> <span class='ocrx_word' id='word_1_77' title='bbox 279 1425 327 1511; x_wconf 87' lang='lat' dir='ltr'>in</span> <span class='ocrx_word' id='word_1_78' title='bbox 344 1433 391 1514; x_wconf 88' lang='lat' dir='ltr'>K.</span> <span class='ocrx_word' id='word_1_79' title='bbox 435 1431 536 1514; x_wconf 92' lang='lat' dir='ltr'>Duo</span> <span class='ocrx_word' id='word_1_80' title='bbox 558 1423 650 1513; x_wconf 88' lang='lat' dir='ltr'>sunt</span> <span class='ocrx_word' id='word_1_81' title='bbox 670 1432 868 1547; x_wconf 88' lang='lat' dir='ltr'>principia</span> <span class='ocrx_word' id='word_1_82' title='bbox 890 1463 1065 1521; x_wconf 89' lang='lat' dir='ltr'>moven-</span> <span class='ocrx_word' id='word_1_83' title='bbox 1384 1463 1437 1566; x_wconf 69' lang='grc' dir='ltr'><strong>ῃ</strong></span> <span class='ocrx_word' id='word_1_84' title='bbox 1497 1495 1502 1508; x_wconf 51' lang='lat'>1</span> 
     </span>
     <span class='ocr_line' id='line_1_12' title="bbox 131 1542 1226 1720; baseline 0.01 -92"><span class='ocrx_word' id='word_1_85' title='bbox 131 1543 183 1628; x_wconf 83' lang='lat' dir='ltr'>tia</span> <span class='ocrx_word' id='word_1_86' title='bbox 207 1577 219 1640; x_wconf 75' lang='lat' dir='ltr'>t</span> <span class='ocrx_word' id='word_1_87' title='bbox 244 1573 376 1633; x_wconf 89' lang='lat' dir='ltr'>unum</span> <span class='ocrx_word' id='word_1_88' title='bbox 400 1542 459 1629; x_wconf 87' lang='lat' dir='ltr'>est</span> <span class='ocrx_word' id='word_1_89' title='bbox 480 1572 625 1630; x_wconf 83' lang='lat' dir='ltr'>ventus</span> <span class='ocrx_word' id='word_1_90' title='bbox 648 1547 695 1630; x_wconf 92' lang='lat' dir='ltr'>in</span> <span class='ocrx_word' id='word_1_91' title='bbox 726 1547 795 1646; x_wconf 92' lang='lat' dir='ltr'>G,</span> <span class='ocrx_word' id='word_1_92' title='bbox 817 1547 989 1636; x_wconf 84' lang='lat' dir='ltr'>alterum</span> <span class='ocrx_word' id='word_1_93' title='bbox 1005 1552 1065 1638; x_wconf 92' lang='lat' dir='ltr'>est</span> <span class='ocrx_word' id='word_1_94' title='bbox 1170 1609 1226 1720; x_wconf 54' lang='grc' dir='ltr'>Ι</span> 
     </span>
     <span class='ocr_line' id='line_1_13' title="bbox 131 1657 1256 1783; baseline 0.016 -39"><span class='ocrx_word' id='word_1_95' title='bbox 131 1659 1063 1783; x_wconf 83' lang='lat' dir='ltr'>aquarefluensinADtduoparitersunthy-</span> <span class='ocrx_word' id='word_1_96' title='bbox 1233 1657 1256 1706; x_wconf 72' lang='lat'><strong>⁴</strong></span> 
     </span>
     <span class='ocr_line' id='line_1_14' title="bbox 129 1773 1065 1892; baseline 0.015 -33"><span class='ocrx_word' id='word_1_97' title='bbox 129 1773 906 1892; x_wconf 71' lang='lat' dir='ltr'>pomochlia,seuimped&#39;tmentarvento</span> <span class='ocrx_word' id='word_1_98' title='bbox 921 1785 1065 1874; x_wconf 81' lang='lat' dir='ltr'>refistit</span> 
     </span>
     <span class='ocr_line' id='line_1_15' title="bbox 132 1889 1063 2010; baseline 0.016 -38"><span class='ocrx_word' id='word_1_99' title='bbox 132 1889 447 2002; x_wconf 87' lang='lat' dir='ltr'>gubernaculum</span> <span class='ocrx_word' id='word_1_100' title='bbox 463 1895 577 1992; x_wconf 86' lang='lat' dir='ltr'>AD,</span> <span class='ocrx_word' id='word_1_101' title='bbox 599 1919 808 2010; x_wconf 87' lang='lat' dir='ltr'>propterea</span> <span class='ocrx_word' id='word_1_102' title='bbox 820 1903 958 1986; x_wconf 81' lang='lat' dir='ltr'>navim</span> <span class='ocrx_word' id='word_1_103' title='bbox 970 1931 1063 1986; x_wconf 90' lang='lat' dir='ltr'>mo-</span> 
     </span>
     <span class='ocr_line' id='line_1_16' title="bbox 132 2003 1062 2150; baseline 0.017 -62"><span class='ocrx_word' id='word_1_104' title='bbox 132 2012 233 2090; x_wconf 85' lang='lat' dir='ltr'>tione</span> <span class='ocrx_word' id='word_1_105' title='bbox 255 2003 474 2091; x_wconf 67' lang='lat' dir='ltr'>transversi</span> <span class='ocrx_word' id='word_1_106' title='bbox 495 2035 736 2123; x_wconf 88' lang='lat' dir='ltr'>promovens</span> <span class='ocrx_word' id='word_1_107' title='bbox 755 2011 941 2150; x_wconf 52' lang='lat' dir='ltr'>transfert</span> <span class='ocrx_word' id='word_1_108' title='bbox 961 2047 1062 2103; x_wconf 82' lang='lat' dir='ltr'>cen·</span> 
     </span>
     <span class='ocr_line' id='line_1_17' title="bbox 134 2121 1062 2244; baseline 0.019 -42"><span class='ocrx_word' id='word_1_109' title='bbox 134 2147 228 2206; x_wconf 87' lang='lat' dir='ltr'>trum</span> <span class='ocrx_word' id='word_1_110' title='bbox 242 2121 451 2232; x_wconf 86' lang='lat' dir='ltr'>gravitatis</span> <span class='ocrx_word' id='word_1_111' title='bbox 465 2123 647 2210; x_wconf 80' lang='lat' dir='ltr'>Kversus</span> <span class='ocrx_word' id='word_1_112' title='bbox 662 2129 708 2211; x_wconf 90' lang='lat' dir='ltr'><em>H</em></span> <span class='ocrx_word' id='word_1_113' title='bbox 722 2163 731 2210; x_wconf 74' lang='grc' dir='ltr'><strong><em>ε</em></strong></span> <span class='ocrx_word' id='word_1_114' title='bbox 744 2157 857 2244; x_wconf 85' lang='lat' dir='ltr'>aquae</span> <span class='ocrx_word' id='word_1_115' title='bbox 869 2130 1062 2220; x_wconf 87' lang='lat' dir='ltr'>refluenti</span> 
     </span>
     <span class='ocr_line' id='line_1_18' title="bbox 132 2235 1060 2340; baseline 0.018 -22"><span class='ocrx_word' id='word_1_116' title='bbox 132 2235 263 2322; x_wconf 83' lang='lat' dir='ltr'>resistit</span> <span class='ocrx_word' id='word_1_117' title='bbox 276 2241 338 2322; x_wconf 87' lang='lat' dir='ltr'>vis</span> <span class='ocrx_word' id='word_1_118' title='bbox 350 2242 464 2322; x_wconf 89' lang='lat' dir='ltr'>venti</span> <span class='ocrx_word' id='word_1_119' title='bbox 483 2243 526 2323; x_wconf 93' lang='lat' dir='ltr'>in</span> <span class='ocrx_word' id='word_1_120' title='bbox 540 2240 605 2340; x_wconf 89' lang='lat' dir='ltr'>G,</span> <span class='ocrx_word' id='word_1_121' title='bbox 622 2239 679 2326; x_wconf 84' lang='lat' dir='ltr'>ita</span> <span class='ocrx_word' id='word_1_122' title='bbox 693 2269 740 2326; x_wconf 92' lang='lat' dir='ltr'>ut</span> <span class='ocrx_word' id='word_1_123' title='bbox 750 2271 834 2328; x_wconf 92' lang='lat' dir='ltr'>non</span> <span class='ocrx_word' id='word_1_124' title='bbox 844 2245 974 2333; x_wconf 83' lang='lat' dir='ltr'>valeat</span> <span class='ocrx_word' id='word_1_125' title='bbox 986 2279 1060 2334; x_wconf 88' lang='lat' dir='ltr'>na-</span> 
     </span>
     <span class='ocr_line' id='line_1_19' title="bbox 132 2349 1060 2476; baseline 0.019 -42"><span class='ocrx_word' id='word_1_126' title='bbox 132 2358 206 2434; x_wconf 84' lang='lat' dir='ltr'>vim</span> <span class='ocrx_word' id='word_1_127' title='bbox 220 2349 434 2438; x_wconf 87' lang='lat' dir='ltr'>retrorsum</span> <span class='ocrx_word' id='word_1_128' title='bbox 445 2381 587 2469; x_wconf 86' lang='lat' dir='ltr'>agere,</span> <span class='ocrx_word' id='word_1_129' title='bbox 602 2383 814 2471; x_wconf 83' lang='lat' dir='ltr'>propterea</span> <span class='ocrx_word' id='word_1_130' title='bbox 830 2371 997 2476; x_wconf 88' lang='lat' dir='ltr'>puppim</span> <span class='ocrx_word' id='word_1_131' title='bbox 1008 2395 1060 2452; x_wconf 87' lang='lat' dir='ltr'>ex</span> 
     </span>
     <span class='ocr_line' id='line_1_20' title="bbox 130 2467 1062 2586; baseline 0.016 -36"><span class='ocrx_word' id='word_1_132' title='bbox 130 2467 460 2552; x_wconf 86' lang='lat' dir='ltr'>AtransfertinE</span> <span class='ocrx_word' id='word_1_133' title='bbox 474 2531 485 2569; x_wconf 96' lang='lat'>,</span> <span class='ocrx_word' id='word_1_134' title='bbox 498 2479 693 2558; x_wconf 87' lang='lat' dir='ltr'>&amp;centro</span> <span class='ocrx_word' id='word_1_135' title='bbox 708 2477 914 2586; x_wconf 85' lang='lat' dir='ltr'>gravitatis</span> <span class='ocrx_word' id='word_1_136' title='bbox 931 2481 964 2558; x_wconf 91' lang='lat' dir='ltr'>K</span> <span class='ocrx_word' id='word_1_137' title='bbox 983 2481 1062 2564; x_wconf 88' lang='lat' dir='ltr'>im-</span> 
     </span>
     <span class='ocr_line' id='line_1_21' title="bbox 130 2581 1059 2700; baseline 0.019 -36"><span class='ocrx_word' id='word_1_138' title='bbox 130 2606 259 2697; x_wconf 87' lang='lat' dir='ltr'>petum</span> <span class='ocrx_word' id='word_1_139' title='bbox 278 2583 478 2700; x_wconf 57' lang='lat' dir='ltr'>Mprimit</span> <span class='ocrx_word' id='word_1_140' title='bbox 497 2581 746 2697; x_wconf 87' lang='lat' dir='ltr'>dirigentem</span> <span class='ocrx_word' id='word_1_141' title='bbox 767 2590 903 2678; x_wconf 78' lang='lat' dir='ltr'>versus</span> <span class='ocrx_word' id='word_1_142' title='bbox 925 2600 944 2681; x_wconf 97' lang='grc' dir='ltr'>Ι</span> <span class='ocrx_word' id='word_1_143' title='bbox 961 2659 972 2696; x_wconf 89' lang='grc'><strong>,</strong></span> <span class='ocrx_word' id='word_1_144' title='bbox 990 2601 1059 2683; x_wconf 87' lang='lat' dir='ltr'>cui</span> 
     </span>
     <span class='ocr_line' id='line_1_22' title="bbox 132 2701 1060 2826; baseline 0.017 -43"><span class='ocrx_word' id='word_1_145' title='bbox 132 2723 258 2784; x_wconf 82' lang='lat' dir='ltr'>tamen</span> <span class='ocrx_word' id='word_1_146' title='bbox 283 2701 527 2814; x_wconf 75' lang='lat' dir='ltr'>praevalente</span> <span class='ocrx_word' id='word_1_147' title='bbox 548 2705 705 2817; x_wconf 86' lang='lat' dir='ltr'>impetu</span> <span class='ocrx_word' id='word_1_148' title='bbox 721 2704 835 2788; x_wconf 84' lang='lat' dir='ltr'>venti</span> <span class='ocrx_word' id='word_1_149' title='bbox 856 2709 1060 2826; x_wconf 89' lang='lat' dir='ltr'>dirigente</span> 
     </span>
     <span class='ocr_line' id='line_1_23' title="bbox 54 2811 1493 2963; baseline 0.035 -70"><span class='ocrx_word' id='word_1_150' title='bbox 54 2858 57 2868; x_wconf 92' lang='lat'>·</span> <span class='ocrx_word' id='word_1_151' title='bbox 134 2813 256 2900; x_wconf 77' lang='lat' dir='ltr'>versus</span> <span class='ocrx_word' id='word_1_152' title='bbox 270 2811 344 2915; x_wconf 88' lang='grc' dir='ltr'>Η,</span> <span class='ocrx_word' id='word_1_153' title='bbox 366 2815 558 2934; x_wconf 90' lang='lat' dir='ltr'>obliquus</span> <span class='ocrx_word' id='word_1_154' title='bbox 575 2822 686 2903; x_wconf 83' lang='lat' dir='ltr'>navis</span> <span class='ocrx_word' id='word_1_155' title='bbox 702 2849 838 2910; x_wconf 85' lang='lat' dir='ltr'>motus</span> <span class='ocrx_word' id='word_1_156' title='bbox 855 2825 1039 2914; x_wconf 88' lang='lat' dir='ltr'>efficitur.</span> <span class='ocrx_word' id='word_1_157' title='bbox 1091 2837 1231 2952; x_wconf 82' lang='lat' dir='ltr'>Qure</span> <span class='ocrx_word' id='word_1_158' title='bbox 1256 2845 1409 2963; x_wconf 84' lang='lat' dir='ltr'>duplex</span> <span class='ocrx_word' id='word_1_159' title='bbox 1433 2860 1493 2952; x_wconf 84' lang='lat' dir='ltr'>est</span> 
     </span>
     <span class='ocr_line' id='line_1_24' title="bbox 131 2927 1490 3086; baseline 0.029 -78"><span class='ocrx_word' id='word_1_160' title='bbox 131 2931 244 3013; x_wconf 74' lang='lat' dir='ltr'>vedis</span> <span class='ocrx_word' id='word_1_161' title='bbox 258 2927 424 3016; x_wconf 88' lang='lat' dir='ltr'>secundi</span> <span class='ocrx_word' id='word_1_162' title='bbox 440 2937 620 3043; x_wconf 69' lang='lat' dir='ltr'>geneum</span> <span class='ocrx_word' id='word_1_163' title='bbox 632 2961 737 3048; x_wconf 81' lang='lat' dir='ltr'>aqua</span> <span class='ocrx_word' id='word_1_164' title='bbox 751 2938 793 3021; x_wconf 91' lang='lat' dir='ltr'>in</span> <span class='ocrx_word' id='word_1_165' title='bbox 811 2939 904 3024; x_wconf 88' lang='lat' dir='ltr'>AD</span> <span class='ocrx_word' id='word_1_166' title='bbox 919 2944 971 3030; x_wconf 85' lang='lat' dir='ltr'>ad</span> <span class='ocrx_word' id='word_1_167' title='bbox 985 2944 1244 3044; x_wconf 83' lang='lat' dir='ltr'>resistentiam</span> <span class='ocrx_word' id='word_1_168' title='bbox 1259 2973 1388 3053; x_wconf 88' lang='lat' dir='ltr'>centri</span> <span class='ocrx_word' id='word_1_169' title='bbox 1400 2997 1490 3086; x_wconf 71' lang='lat' dir='ltr'>gra.</span> 
     </span>
     <span class='ocr_line' id='line_1_25' title="bbox 132 3043 1491 3182; baseline 0.038 -56"><span class='ocrx_word' id='word_1_170' title='bbox 132 3043 251 3128; x_wconf 84' lang='lat' dir='ltr'>vitatis</span> <span class='ocrx_word' id='word_1_171' title='bbox 272 3047 307 3128; x_wconf 88' lang='lat' dir='ltr'>K</span> <span class='ocrx_word' id='word_1_172' title='bbox 328 3047 455 3131; x_wconf 84' lang='lat' dir='ltr'>habet</span> <span class='ocrx_word' id='word_1_173' title='bbox 468 3075 723 3134; x_wconf 85' lang='lat' dir='ltr'>momentum</span> <span class='ocrx_word' id='word_1_174' title='bbox 738 3077 786 3134; x_wconf 89' lang='lat' dir='ltr'>ut</span> <span class='ocrx_word' id='word_1_175' title='bbox 801 3057 839 3138; x_wconf 83' lang='lat' dir='ltr'>A</span> <span class='ocrx_word' id='word_1_176' title='bbox 852 3057 907 3154; x_wconf 92' lang='lat' dir='ltr'>G,</span> <span class='ocrx_word' id='word_1_177' title='bbox 922 3056 990 3161; x_wconf 89' lang='lat' dir='ltr'>seu</span> <span class='ocrx_word' id='word_1_178' title='bbox 1008 3065 1182 3165; x_wconf 79' lang='lat' dir='ltr'>DG,ad</span> <span class='ocrx_word' id='word_1_179' title='bbox 1198 3074 1312 3162; x_wconf 88' lang='lat' dir='ltr'>KG:</span> <span class='ocrx_word' id='word_1_180' title='bbox 1330 3089 1491 3182; x_wconf 85' lang='lat' dir='ltr'>Ventus</span> 
     </span>
     <span class='ocr_line' id='line_1_26' title="bbox 132 3158 1490 3292; baseline 0.032 -54"><span class='ocrx_word' id='word_1_181' title='bbox 132 3158 170 3241; x_wconf 91' lang='lat' dir='ltr'>in</span> <span class='ocrx_word' id='word_1_182' title='bbox 182 3159 221 3244; x_wconf 91' lang='lat' dir='ltr'>G</span> <span class='ocrx_word' id='word_1_183' title='bbox 233 3158 477 3273; x_wconf 80' lang='lat' dir='ltr'>adejusdem</span> <span class='ocrx_word' id='word_1_184' title='bbox 490 3167 619 3248; x_wconf 87' lang='lat' dir='ltr'>centri</span> <span class='ocrx_word' id='word_1_185' title='bbox 633 3163 838 3277; x_wconf 86' lang='lat' dir='ltr'>gravitatis</span> <span class='ocrx_word' id='word_1_186' title='bbox 850 3173 888 3253; x_wconf 93' lang='lat' dir='ltr'>K</span> <span class='ocrx_word' id='word_1_187' title='bbox 899 3173 1159 3280; x_wconf 77' lang='lat' dir='ltr'>resistentiam</span> <span class='ocrx_word' id='word_1_188' title='bbox 1169 3185 1490 3292; x_wconf 85' lang='lat' dir='ltr'>habetmomen.</span> 
     </span>
     <span class='ocr_line' id='line_1_27' title="bbox 130 3277 1488 3416; baseline 0.031 -60"><span class='ocrx_word' id='word_1_189' title='bbox 130 3297 266 3360; x_wconf 88' lang='lat' dir='ltr'>tumut</span> <span class='ocrx_word' id='word_1_190' title='bbox 281 3277 374 3361; x_wconf 84' lang='lat' dir='ltr'>GA</span> <span class='ocrx_word' id='word_1_191' title='bbox 392 3279 444 3363; x_wconf 85' lang='lat' dir='ltr'>ad</span> <span class='ocrx_word' id='word_1_192' title='bbox 462 3281 557 3364; x_wconf 86' lang='lat' dir='ltr'>KA.</span> <span class='ocrx_word' id='word_1_193' title='bbox 596 3281 657 3365; x_wconf 81' lang='lat' dir='ltr'>Ex</span> <span class='ocrx_word' id='word_1_194' title='bbox 673 3311 757 3396; x_wconf 91' lang='lat' dir='ltr'>quo</span> <span class='ocrx_word' id='word_1_195' title='bbox 770 3285 926 3372; x_wconf 89' lang='lat' dir='ltr'>constat</span> <span class='ocrx_word' id='word_1_196' title='bbox 940 3295 1132 3406; x_wconf 85' lang='lat' dir='ltr'>majorem</span> <span class='ocrx_word' id='word_1_197' title='bbox 1144 3305 1488 3416; x_wconf 75' lang='lat' dir='ltr'>quidemeffeua.</span> 
     </span>
     <span class='ocr_line' id='line_1_28' title="bbox 131 3391 1570 3536; baseline 0.028 -68"><span class='ocrx_word' id='word_1_198' title='bbox 131 3391 273 3476; x_wconf 89' lang='lat' dir='ltr'>tionem</span> <span class='ocrx_word' id='word_1_199' title='bbox 299 3394 391 3480; x_wconf 84' lang='lat' dir='ltr'>AG</span> <span class='ocrx_word' id='word_1_200' title='bbox 411 3395 465 3480; x_wconf 83' lang='lat' dir='ltr'>ad</span> <span class='ocrx_word' id='word_1_201' title='bbox 483 3394 575 3478; x_wconf 87' lang='lat' dir='ltr'>KG</span> <span class='ocrx_word' id='word_1_202' title='bbox 601 3400 828 3496; x_wconf 89' lang='lat' dir='ltr'>minorem,</span> <span class='ocrx_word' id='word_1_203' title='bbox 855 3397 986 3518; x_wconf 76' lang='lat' dir='ltr'>qualm-</span> <span class='ocrx_word' id='word_1_204' title='bbox 1002 3409 1055 3495; x_wconf 84' lang='lat' dir='ltr'>ad</span> <span class='ocrx_word' id='word_1_205' title='bbox 1085 3415 1167 3500; x_wconf 86' lang='grc' dir='ltr'>ΚΑ</span> <span class='ocrx_word' id='word_1_206' title='bbox 1185 3424 1402 3536; x_wconf 77' lang='lat' dir='ltr'>majorem3</span> <span class='ocrx_word' id='word_1_207' title='bbox 1420 3435 1489 3529; x_wconf 67' lang='lat' dir='ltr'>sed</span> <span class='ocrx_word' id='word_1_208' title='bbox 1567 3459 1570 3466; x_wconf 93' lang='lat'>·</span> 
     </span>
     <span class='ocr_line' id='line_1_29' title="bbox 130 3503 1486 3654; baseline 0.031 -69"><span class='ocrx_word' id='word_1_209' title='bbox 130 3503 247 3590; x_wconf 88' lang='lat' dir='ltr'>multo</span> <span class='ocrx_word' id='word_1_210' title='bbox 269 3507 505 3596; x_wconf 80' lang='lat' dir='ltr'>validiorem</span> <span class='ocrx_word' id='word_1_211' title='bbox 527 3517 751 3626; x_wconf 86' lang='lat' dir='ltr'>potentiam</span> <span class='ocrx_word' id='word_1_212' title='bbox 769 3509 850 3600; x_wconf 85' lang='lat' dir='ltr'>esse</span> <span class='ocrx_word' id='word_1_213' title='bbox 876 3549 1075 3626; x_wconf 88' lang='lat' dir='ltr'>ventum,</span> <span class='ocrx_word' id='word_1_214' title='bbox 1105 3527 1229 3646; x_wconf 75' lang='lat' dir='ltr'>quim</span> <span class='ocrx_word' id='word_1_215' title='bbox 1252 3567 1400 3654; x_wconf 79' lang='lat' dir='ltr'>aquam</span> <span class='ocrx_word' id='word_1_216' title='bbox 1421 3587 1486 3642; x_wconf 67' lang='lat' dir='ltr'>fe.</span> 
     </span>
     <span class='ocr_line' id='line_1_30' title="bbox 130 3615 1487 3782; baseline 0.024 -82"><span class='ocrx_word' id='word_1_217' title='bbox 130 3615 328 3723; x_wconf 85' lang='lat' dir='ltr'>fluentem,</span> <span class='ocrx_word' id='word_1_218' title='bbox 345 3623 417 3710; x_wconf 81' lang='lat' dir='ltr'>nifi</span> <span class='ocrx_word' id='word_1_219' title='bbox 432 3625 539 3712; x_wconf 74' lang='lat' dir='ltr'>forte</span> <span class='ocrx_word' id='word_1_220' title='bbox 553 3627 724 3714; x_wconf 77' lang='lat' dir='ltr'>addatur</span> <span class='ocrx_word' id='word_1_221' title='bbox 734 3633 924 3718; x_wconf 82' lang='lat' dir='ltr'>naturalis</span> <span class='ocrx_word' id='word_1_222' title='bbox 939 3635 1072 3726; x_wconf 88' lang='lat' dir='ltr'>fluxus</span> <span class='ocrx_word' id='word_1_223' title='bbox 1085 3673 1212 3761; x_wconf 80' lang='lat' dir='ltr'>aquae,</span> <span class='ocrx_word' id='word_1_224' title='bbox 1225 3663 1296 3770; x_wconf 79' lang='lat' dir='ltr'>qui</span> <span class='ocrx_word' id='word_1_225' title='bbox 1305 3665 1487 3782; x_wconf 66' lang='lat' dir='ltr'>aliquan.</span> 
     </span>
     <span class='ocr_line' id='line_1_31' title="bbox 128 3733 1487 3898; baseline 0.032 -81"><span class='ocrx_word' id='word_1_226' title='bbox 128 3733 176 3818; x_wconf 90' lang='lat' dir='ltr'>do</span> <span class='ocrx_word' id='word_1_227' title='bbox 193 3739 402 3851; x_wconf 70' lang='lat' dir='ltr'>prevalere</span> <span class='ocrx_word' id='word_1_228' title='bbox 414 3739 731 3854; x_wconf 84' lang='lat' dir='ltr'>dignosciturex</span> <span class='ocrx_word' id='word_1_229' title='bbox 745 3747 916 3834; x_wconf 89' lang='lat' dir='ltr'>occultis</span> <span class='ocrx_word' id='word_1_230' title='bbox 927 3751 1057 3841; x_wconf 87' lang='lat' dir='ltr'>Maris</span> <span class='ocrx_word' id='word_1_231' title='bbox 1069 3763 1375 3878; x_wconf 80' lang='lat' dir='ltr'>Currentibus,</span> <span class='ocrx_word' id='word_1_232' title='bbox 1396 3813 1487 3898; x_wconf 74' lang='lat' dir='ltr'>quae</span> 
     </span>
     <span class='ocr_line' id='line_1_32' title="bbox 130 3853 1484 4013; baseline 0.034 -83"><span class='ocrx_word' id='word_1_233' title='bbox 130 3857 253 3937; x_wconf 86' lang='lat' dir='ltr'>navim</span> <span class='ocrx_word' id='word_1_234' title='bbox 265 3853 484 3970; x_wconf 87' lang='lat' dir='ltr'>aliquando</span> <span class='ocrx_word' id='word_1_235' title='bbox 498 3855 710 3944; x_wconf 87' lang='lat' dir='ltr'>retrorsum</span> <span class='ocrx_word' id='word_1_236' title='bbox 722 3889 854 3976; x_wconf 83' lang='lat' dir='ltr'>agunt</span> <span class='ocrx_word' id='word_1_237' title='bbox 871 3865 1104 3960; x_wconf 70' lang='lat' dir='ltr'>contrivim</span> <span class='ocrx_word' id='word_1_238' title='bbox 1120 3881 1243 3970; x_wconf 83' lang='lat' dir='ltr'>venti.</span> <span class='ocrx_word' id='word_1_239' title='bbox 1281 3893 1359 3980; x_wconf 87' lang='lat' dir='ltr'>Sed</span> <span class='ocrx_word' id='word_1_240' title='bbox 1379 3891 1484 4013; x_wconf 77' lang='lat' dir='ltr'>qu0.&#39;</span> 
     </span>
     <span class='ocr_line' id='line_1_33' title="bbox 131 3970 1514 4108; baseline 0.045 -64"><span class='ocrx_word' id='word_1_241' title='bbox 131 3970 226 4054; x_wconf 86' lang='lat' dir='ltr'>niam</span> <span class='ocrx_word' id='word_1_242' title='bbox 242 3998 324 4054; x_wconf 85' lang='lat' dir='ltr'>tarn</span> <span class='ocrx_word' id='word_1_243' title='bbox 338 3977 446 4056; x_wconf 86' lang='lat' dir='ltr'>vatia</span> <span class='ocrx_word' id='word_1_244' title='bbox 468 3985 510 4062; x_wconf 72' lang='lat' dir='ltr'>or</span> <span class='ocrx_word' id='word_1_245' title='bbox 527 3973 739 4092; x_wconf 77' lang='lat' dir='ltr'>multiplex</span> <span class='ocrx_word' id='word_1_246' title='bbox 759 3977 819 4063; x_wconf 88' lang='lat' dir='ltr'>est</span> <span class='ocrx_word' id='word_1_247' title='bbox 834 3987 926 4068; x_wconf 84' lang='lat' dir='ltr'>navi</span> <span class='ocrx_word' id='word_1_248' title='bbox 957 3979 1089 4076; x_wconf 86' lang='lat' dir='ltr'>ioru&#39;m</span> <span class='ocrx_word' id='word_1_249' title='bbox 1105 3991 1261 4101; x_wconf 80' lang='lat' dir='ltr'>forma,</span> <span class='ocrx_word' id='word_1_250' title='bbox 1280 4017 1356 4093; x_wconf 86' lang='lat' dir='ltr'>net&#39;</span> <span class='ocrx_word' id='word_1_251' title='bbox 1375 4015 1487 4108; x_wconf 86' lang='lat' dir='ltr'>iniis</span> <span class='ocrx_word' id='word_1_252' title='bbox 1504 3991 1514 4007; x_wconf 47' lang='lat'>¹</span> 
     </span>
     <span class='ocr_line' id='line_1_34' title="bbox 129 4011 1485 4226; baseline 0.035 -66"><span class='ocrx_word' id='word_1_253' title='bbox 129 4081 544 4177; x_wconf 81' lang='lat' dir='ltr'>construendisomnes</span> <span class='ocrx_word' id='word_1_254' title='bbox 555 4093 730 4178; x_wconf 82' lang='lat' dir='ltr'>artifices</span> <span class='ocrx_word' id='word_1_255' title='bbox 740 4096 911 4184; x_wconf 84' lang='lat' dir='ltr'>eandem</span> <span class='ocrx_word' id='word_1_256' title='bbox 925 4011 1082 4192; x_wconf 53' lang='lat' dir='ltr'>servant</span> <span class='ocrx_word' id='word_1_257' title='bbox 1097 4104 1485 4226; x_wconf 43' lang='lat' dir='ltr'>pastinm‘membro.</span> 
     </span>
     <span class='ocr_line' id='line_1_35' title="bbox 131 4196 1483 4356; baseline 0.039 -82"><span class='ocrx_word' id='word_1_258' title='bbox 131 4196 289 4315; x_wconf 85' lang='lat' dir='ltr'>tt&#39;unque</span> <span class='ocrx_word' id='word_1_259' title='bbox 307 4207 546 4307; x_wconf 84' lang='lat' dir='ltr'>Rationem,</span> <span class='ocrx_word' id='word_1_260' title='bbox 565 4209 673 4296; x_wconf 89' lang='lat' dir='ltr'>nulla</span> <span class='ocrx_word' id='word_1_261' title='bbox 688 4209 868 4326; x_wconf 76' lang='lat' dir='ltr'>assignari</span> <span class='ocrx_word' id='word_1_262' title='bbox 886 4220 1020 4334; x_wconf 81' lang='lat' dir='ltr'>potest</span> <span class='ocrx_word' id='word_1_263' title='bbox 1036 4255 1145 4312; x_wconf 86' lang='lat' dir='ltr'>certa</span> <span class='ocrx_word' id='word_1_264' title='bbox 1155 4232 1299 4336; x_wconf 84' lang='lat' dir='ltr'>Ratio,</span> <span class='ocrx_word' id='word_1_265' title='bbox 1315 4271 1405 4356; x_wconf 80' lang='lat' dir='ltr'>quae</span> <span class='ocrx_word' id='word_1_266' title='bbox 1415 4255 1483 4341; x_wconf 88' lang='lat' dir='ltr'>in.</span> 
     </span>
    </p>
   </div>
   <div class='ocr_carea' id='block_1_4' title="bbox 105 4319 1482 4486">
    <p class='ocr_par' dir='ltr' id='par_1_4' title="bbox 105 4319 1482 4486">
     <span class='ocr_line' id='line_1_36' title="bbox 105 4319 1482 4486; baseline 0.039 -98"><span class='ocrx_word' id='word_1_267' title='bbox 105 4325 113 4336; x_wconf 84' lang='grc'><strong>”</strong></span> <span class='ocrx_word' id='word_1_268' title='bbox 130 4319 415 4404; x_wconf 84' lang='lat' dir='ltr'>tercedatinter</span> <span class='ocrx_word' id='word_1_269' title='bbox 433 4321 662 4414; x_wconf 85' lang='lat' dir='ltr'>distantiam</span> <span class='ocrx_word' id='word_1_270' title='bbox 677 4355 808 4412; x_wconf 88' lang='lat' dir='ltr'>centn</span> <span class='ocrx_word' id='word_1_271' title='bbox 823 4337 1029 4444; x_wconf 80' lang='lat' dir='ltr'>gravitatis</span> <span class='ocrx_word' id='word_1_272' title='bbox 1042 4339 1093 4425; x_wconf 83' lang='lat' dir='ltr'>ab</span> <span class='ocrx_word' id='word_1_273' title='bbox 1108 4357 1363 4443; x_wconf 85' lang='lat' dir='ltr'>extremitate</span> <span class='ocrx_word' id='word_1_274' title='bbox 1373 4391 1482 4486; x_wconf 85' lang='lat' dir='ltr'>pup.</span> 
     </span>
    </p>
   </div>
   <div class='ocr_carea' id='block_1_5' title="bbox 129 4424 1482 4638">
    <p class='ocr_par' dir='ltr' id='par_1_5' title="bbox 129 4424 1482 4638">
     <span class='ocr_line' id='line_1_37' title="bbox 129 4424 1482 4625; baseline 0.038 -119"><span class='ocrx_word' id='word_1_275' title='bbox 129 4424 336 4625; x_wconf 79' lang='lat' dir='ltr'>pis,atque</span> <span class='ocrx_word' id='word_1_276' title='bbox 358 4435 588 4528; x_wconf 84' lang='lat' dir='ltr'>distantiam</span> <span class='ocrx_word' id='word_1_277' title='bbox 605 4445 767 4560; x_wconf 72' lang='lat' dir='ltr'>pondi,</span> <span class='ocrx_word' id='word_1_278' title='bbox 782 4452 888 4535; x_wconf 89' lang='lat' dir='ltr'>circa</span> <span class='ocrx_word' id='word_1_279' title='bbox 903 4457 1013 4570; x_wconf 91' lang='lat' dir='ltr'>quod</span> <span class='ocrx_word' id='word_1_280' title='bbox 1029 4455 1075 4540; x_wconf 84' lang='lat' dir='ltr'>fit</span> <span class='ocrx_word' id='word_1_281' title='bbox 1089 4467 1321 4572; x_wconf 88' lang='lat' dir='ltr'>conversro,</span> <span class='ocrx_word' id='word_1_282' title='bbox 1340 4479 1393 4569; x_wconf 89' lang='lat' dir='ltr'>ab</span> <span class='ocrx_word' id='word_1_283' title='bbox 1409 4513 1482 4572; x_wconf 46' lang='lat' dir='ltr'>eae</span> 
     </span>
     <span class='ocr_line' id='line_1_38' title="bbox 152 4573 487 4638; baseline 0.039 -12"><span class='ocrx_word' id='word_1_284' title='bbox 152 4573 487 4638; x_wconf 84' lang='lat' dir='ltr'>emextremrtate.</span> 
     </span>
    </p>
   </div>
   <div class='ocr_carea' id='block_1_6' title="bbox 181 4660 1481 4899">
    <p class='ocr_par' dir='ltr' id='par_1_6' title="bbox 181 4660 1481 4899">
     <span class='ocr_line' id='line_1_39' title="bbox 181 4660 1481 4806; baseline 0.046 -61"><span class='ocrx_word' id='word_1_285' title='bbox 181 4660 262 4750; x_wconf 82' lang='lat' dir='ltr'>Hic</span> <span class='ocrx_word' id='word_1_286' title='bbox 279 4695 414 4758; x_wconf 79' lang='lat' dir='ltr'>tutent</span> <span class='ocrx_word' id='word_1_287' title='bbox 438 4677 515 4772; x_wconf 77' lang='lat' dir='ltr'>sne</span> <span class='ocrx_word' id='word_1_288' title='bbox 528 4670 620 4789; x_wconf 86' lang='lat' dir='ltr'>quis</span> <span class='ocrx_word' id='word_1_289' title='bbox 632 4674 754 4767; x_wconf 76' lang='lat' dir='ltr'>facili:-</span> <span class='ocrx_word' id='word_1_290' title='bbox 776 4680 955 4772; x_wconf 84' lang='lat' dir='ltr'>fimiliter</span> <span class='ocrx_word' id='word_1_291' title='bbox 966 4685 1149 4792; x_wconf 84' lang='lat' dir='ltr'>labatur&gt;</span> <span class='ocrx_word' id='word_1_292' title='bbox 1168 4697 1304 4793; x_wconf 83' lang='lat' dir='ltr'>sateor</span> <span class='ocrx_word' id='word_1_293' title='bbox 1324 4737 1391 4799; x_wconf 88' lang='lat' dir='ltr'>me</span> <span class='ocrx_word' id='word_1_294' title='bbox 1406 4715 1481 4806; x_wconf 84' lang='lat' dir='ltr'>ali-</span> 
     </span>
     <span class='ocr_line' id='line_1_40' title="bbox 340 4811 1481 4899; baseline 0.034 -29"><span class='ocrx_word' id='word_1_295' title='bbox 340 4859 341 4862; x_wconf 27' lang='lat'>,</span> <span class='ocrx_word' id='word_1_296' title='bbox 980 4887 981 4892; x_wconf 16' lang='lat' dir='ltr'>t</span> <span class='ocrx_word' id='word_1_297' title='bbox 1026 4811 1071 4895; x_wconf 93' lang='lat' dir='ltr'>N</span> <span class='ocrx_word' id='word_1_298' title='bbox 1085 4841 1156 4899; x_wconf 86' lang='lat' dir='ltr'>nn</span> <span class='ocrx_word' id='word_1_299' title='bbox 1202 4847 1222 4899; x_wconf 78' lang='lat' dir='ltr'>t</span> <span class='ocrx_word' id='word_1_300' title='bbox 1472 4823 1481 4841; x_wconf 77' lang='grc'>”</span> 
     </span>
    </p>
   </div>
   <div class='ocr_carea' id='block_1_7' title="bbox 0 0 1888 5270">
    <p class='ocr_par' dir='ltr' id='par_1_7' title="bbox 0 0 1888 5270">
     <span class='ocr_line' id='line_1_41' title="bbox 0 0 1888 5270; baseline 0 0"><span class='ocrx_word' id='word_1_301' title='bbox 0 0 1888 5270; x_wconf 95' lang='lat' dir='ltr'> </span> 
     </span>
    </p>
   </div>
  </div>
 </body>
</html>
