3818 5264
489 127 646 242 Liber
646 122 925 278 sec'nndrrs.
961 139 1178 250 CAPuT
1202 143 1269 248 V.
1317 169 1325 187 ·
1458 87 1553 279 17¹}

175 299 258 384 wei
273 275 357 378 rim
376 291 757 392 morendi,etiamfi
780 297 1006 396 minorem,
1023 293 1192 382 babenti
1212 329 1286 412 pro
1302 291 1384 402 rntr‘l
1402 308 1556 416 portio·-

172 442 233 498 ne
251 407 505 526 respondeat
550 411 652 493 Satis
670 412 796 522 igitur
815 415 914 511 erit,
928 409 1000 498 ubi
1018 411 1264 525 fingularum
1277 418 1558 502 machinarum

172 533 288 614 vires
304 525 585 642 expendendae
602 533 722 609 erunt
733 556 922 612 motuum
935 530 1225 612 inirerationes
1235 593 1247 628 ,
1257 535 1326 643 qui
1338 563 1387 615 ex
1401 535 1556 618 machi-

173 675 242 730 nat
267 645 493 759 agitatione
511 644 724 726 oriuntur:
742 671 837 728 nam
858 641 887 726 fi
909 648 1098 728 Potentia
1119 673 1197 760 prae
1219 649 1360 730 Onere
1377 649 1557 734 velocirls

171 789 417 857 moveatur,
435 785 566 874 operae
581 762 759 873 pretium
771 759 894 846 faciet
912 760 1175 847 Machinator
1184 796 1195 856 3
1215 759 1339 848 modi>
1354 793 1437 844 non
1449 759 1554 848 aded

175 881 318 962 tenuis
339 875 386 958 stt
398 903 585 966 motuum
596 877 742 972 Ratio,
758 905 804 959 ut
819 877 1018 994 quicquid
1032 876 1213 960 utilitatis
1227 909 1278 964 ex
1291 877 1489 960 machinae
1507 880 1555 962 li-
1584 951 1587 960 ,

177 993 285 1107 gurd
298 992 471 1088 aceedit,
484 989 690 1076 deseratur
701 1019 755 1076 err
766 995 940 1108 partium
952 989 989 1076 sc
1004 989 1223 1078 terentium
1234 991 1557 1086 confliclutnam

177 1110 352 1225 perinde
367 1099 545 1205 esset,ac
564 1107 718 1190 fioneri
738 1111 912 1218 gravitas
926 1107 1154 1194 adderetur.
1660 1111 1664 1118 '

238 1229 304 1310 Ex
320 1226 386 1310 his
397 1221 526 1338 liquet
541 1223 564 1306 :l
579 1251 664 1306 non
685 1227 823 1334 paucis
845 1221 934 1336 plus
952 1253 1083 1339 operae
1098 1217 1322 1337 laborisque
1340 1223 1554 1342 consump-

181 1369 301 1440 tum,
322 1335 447 1454 quini
463 1367 534 1452 par
553 1331 673 1434 ell'et,
695 1365 741 1420 ut
759 1339 965 1422 Aristoteli
986 1341 1239 1424 adhaererent
1269 1343 1312 1422 in
1337 1341 1557 1426 referendis

180 1460 466 1542 machinarum
488 1453 640 1538 viribus
662 1455 705 1536 in
735 1452 877 1538 circuli
905 1481 1092 1540 naturam
1113 1451 1235 1570 plani:
1257 1457 1556 1542 admirandam:
1661 1523 1662 1528 r

182 1579 415 1684 Qaproprer
433 1573 569 1686 inquit
584 1571 705 1676 initio
720 1599 787 1685 qq.
803 1569 1002 1656 Mechan,
1020 1595 1088 1646 non
1110 1568 1156 1676 est
1174 1571 1422 1650 inconveniens
1442 1571 1555 1679 ipsum

182 1688 433 1770 miraculorum
445 1687 598 1762 omniurn
611 1673 676 1792 effe
687 1688 913 1794 principium.
929 1697 984 1762 En
995 1687 1190 1793 igiturque
1206 1681 1300 1762 cincti
1311 1681 1576 1794 librnmfirmtn

175 1797 237 1895 sad
254 1802 423 1883 circulum
438 1793 671 1908 referentum
693 1819 765 1909 qna
779 1796 867 1880 veri
882 1801 975 1878 circa
986 1803 1134 1881 venen
1153 1855 1163 1884 ,
1188 1795 1240 1876 nd
1261 1793 1375 1912 ipsam
1394 1800 1552 1893 lrbrnm3

183 1925 266 2002 alin
301 1937 426 1997 autern
437 1908 524 2023 feri
537 1917 682 2002 omnin,
709 1941 781 2025 qua
808 1919 903 1994 circa
923 1909 1150 1998 mechanicae
1171 1909 1261 2020 finnt
1285 1920 1480 2004 motiones,
1502 1915 1558 1994 nd
1656 1957 1668 1988 ·

182 2040 344 2118 venem.
376 2035 467 2122 Nisi
481 2036 593 2116 enim
608 2031 749 2116 fucum
769 2036 927 2117 veritati
947 2031 1164 2130 satiamur,
1185 2063 1276 2148 quae
1289 2033 1456 2118 demum
1474 2041 1560 2120 mi‹
1602 2115 1606 2128 ,

184 2149 323 2238 racula
336 2154 391 2236 ita
402 2143 803 2263 circulurnrlreliquo
813 2149 1034 2260 figurarum
1053 2146 1178 2260 vulgo
1192 2149 1432 2248 secernunt,
1454 2179 1499 2234 nt
1513 2157 1559 2238 in

183 2299 284 2356 eum
298 2268 509 2352 admiratio
527 2267 659 2346 omnis
672 2268 868 2348 corrivata
880 2261 1172 2360 confluat,nec
1184 2261 1256 2348 nist
1268 2265 1367 2348 hinc
1380 2269 1555 2352 incaete-

183 2415 248 2470 ras
262 2385 470 2468 derivetur
482 2405 497 2477 n
511 2383 580 2464 An
595 2373 716 2494 'qudd
730 2378 838 2464 linea
850 2380 995 2464 eadem
1012 2440 1023 2477 ,
1043 2375 1122 2496 qni
1136 2377 1277 2462 circuli
1294 2378 1466 2464 ambitus
1479 2383 1564 2466 de-·

186 2499 503 2598 finitursomnis
514 2493 738 2580 latitudinis
757 2523 921 2609 expete,
943 2525 1041 2578 cava
1062 2499 1209 2609 pariter
1226 2517 1349 2610 atque
1374 2525 1564 2583 convexa

184 2620 320 2704 amico
337 2609 492 2699 foedere
515 2608 702 2724 copulat,
720 2639 808 2726 quae
828 2607 900 2694 st-bi
921 2613 1100 2694 invicem
1124 2639 1166 2692 re
1198 2636 1379 2724 ugnant?
1396 2612 1562 2703 Cavum
1657 2670 1663 2688 .

186 2733 215 2816 sr
235 2731 402 2846 quidem
419 2723 444 2811 d
459 2755 656 2823 convex0,
668 2755 757 2841 quae
772 2727 880 2828 teilo
895 2728 1107 2838 interjeelo
1118 2638 1454 2825 disiriminaneur,
1465 2756 1563 2842 per.

187 2849 284 2932 inde
303 2845 486 2933 diffidere
507 2836 717 2924 censemus
729 2899 740 2940 ,
754 2834 876 2954 atque
887 2843 1021 2926 minus
1038 2837 1212 2954 dmajori
1228 2899 1242 2936 ,
1259 2843 1365 2924 inter
1377 2873 1465 2956 quae
1484 2841 1558 2928 sibi

186 2956 436 3048 adversantia
454 2957 641 3072 id,quod
655 2955 807 3068 aequale
817 2953 1141 3054 est,intercedit.
1164 2959 1223 3040 At
1235 2956 1323 3040 haec
1341 2959 1397 3039 ita
1410 2957 1557 3068 vulga-

186 3084 244 3162 ria
258 3075 374 3174 sunt,
393 3101 539 3156 utnon
553 3074 600 3154 H
605 3067 802 3185 yperbolae
815 3067 942 3156 solum
953 3131 966 3169 ,
978 3101 1027 3154 ac
1040 3067 1243 3156 Parabolae
1250 3129 1262 3169 ,
1274 3097 1344 3154 aut
1356 3073 1560 3158 Nicome-

185 3193 257 3280 dis*
274 3189 546 3286 Conchordi,
579 3214 651 3272 aut
675 3185 934 3272 Archimedis
958 3184 1210 3302 Spiralibus,
1239 3213 1310 3270 aut
1330 3187 1558 3288 Dinostrati

186 3307 451 3424 Qadratici,
469 3299 701 3416 caeterisque
716 3299 905 3386 omnibus
920 3297 1034 3386 extri
1045 3302 1323 3386 Geometricas
1335 3303 1446 3415 leges
1460 3336 1562 3390 cur-

70 3475 71 3482 *
185 3423 383 3510 triclineis
400 3421 634 3504 communia
653 3417 753 3512 sinte
771 3413 915 3504 vernn
935 3419 1057 3501 etiam
1074 3421 1118 3502 in
1131 3415 1283 3530 angulo
1295 3448 1560 3535 quocumque

186 3539 396 3627 restilineo
406 3532 527 3620 facile
537 3531 588 3619 ab
599 3531 789 3618 omnibus
799 3529 1063 3618 observentur
1069 3563 1191 3636 ,cum
1202 3531 1319 3618 linea
1331 3537 1459 3632 renae,
1469 3539 1557 3650 qni·

187 3655 262 3742 bus
283 3650 488 3738 inclinatis
508 3647 681 3761 angulus
702 3647 985 3746 constituitur,
1006 3645 1107 3732 hinc
1129 3649 1297 3764 quidem
1317 3647 1388 3734 sibi
1406 3655 1562 3754 'mutuis

184 3769 356 3858 nutibus
370 3794 572 3864 annuere,
585 3765 686 3850 hinc
711 3760 814 3851 veri)
832 3761 1011 3850 abnuere
1024 3763 1238 3849 videantur
1243 3763 1417 3880 nquibus
1436 3795 1560 3880 oppo-

165 3887 268 3987 ¹litis
279 3881 452 3970 nutibus
461 3883 595 3966 media
613 3883 989 3996 pariterinrerjacet
1004 3881 1155 3966 diretta
1170 3880 1314 3998 positio
1329 3939 1343 3976 ,
1359 3881 1469 3964 omni
1490 3887 1560 3966 in-

186 4002 411 4090 clinatione
434 3993 629 4100 submotd.
716 4085 735 4111 Ι

245 4123 318 4205 An
335 4107 417 4232 ipsi
430 4111 629 4200 nascentis
644 4111 804 4202 Circuli
828 4111 994 4203 exordia
1011 4111 1277 4200 admiratione
1298 4141 1384 4198 non
1405 4140 1558 4213 carent,

187 4229 307 4354 qudd
319 4229 827 4346 aequeexRadijejusdem
840 4235 885 4316 in
898 4259 1040 4316 centro
1059 4227 1302 4314 subsistentis
1323 4231 1484 4344 quiete,
1510 4259 1561 4314 ac

188 4345 417 4438 circumlati
434 4374 548 4432 motu
566 4353 748 4433 oriatur?
767 4347 847 4434 Sed
867 4348 968 4466 qnid
985 4347 1075 4432 hacc
1094 4349 1138 4430 in
1152 4341 1306 4428 circulo
1323 4343 1457 4462 potiris
1476 4341 1559 4455 sus·

187 4467 409 4584 piciamus,
423 4459 549 4578 quim
562 4467 606 4546 in
617 4461 792 4564 Helice,
807 4469 874 4550 cui
886 4463 1042 4578 genesis
1058 4461 1170 4546 haud
1186 4455 1317 4575 dispar
1329 4464 1557 4570 contin-git?
1631 4561 1634 4566 Δ

190 4575 323 4698 Quid
339 4577 373 4666 st
390 4581 545 4670 circrdo
571 4583 720 4698 primas
734 4576 833 4672 ided
853 4577 1093 4674 deferendas
1113 4573 1418 4785 exigimetnus,
1441 4569 1562 4692 qudd

301 4765 306 4773 .
349 4763 353 4772 .
947 4720 963 4752 ⁸
1263 4725 1287 4806 3
