3794 5266
345 205 459 343 446
747 235 751 242 ·
830 179 1253 319 Meclanicomm

355 363 521 455 viciffim
536 344 864 474 comprimentis,
892 348 1146 452 robustissrmi
1172 344 1372 467 cujusque
1385 351 1489 434 vires
1514 349 1725 452 elidantur,

357 458 413 572 tie
424 452 627 594 arreptius
639 473 790 565 fetrum
804 499 854 556 ex
871 471 958 556 AC
979 469 1091 582 poffit
1100 465 1295 554 eximere.
1323 463 1457 580 de
1470 465 1498 550 si
1511 466 1725 584 forcipibus

357 606 390 686 B
406 597 443 686 A
456 608 499 686 nt
513 597 555 678 D
569 593 605 676 C
620 618 756 674 utatur
772 585 916 702 aliquis
930 589 1193 680 veterinarius
1204 581 1297 670 vice
1307 583 1547 668 Pollomidis
1562 593 1575 682 (
1589 583 1675 686 seu,
1686 615 1726 672 ut

358 695 857 831 aliquibusGtammaticis
869 699 1002 818 placet
1010 701 1362 813 Pallomidislequi
1376 703 1558 800 natesad
1569 702 1729 788 ήκω.

359 835 453 921 dam
473 831 560 942 ejus
574 821 796 918 tenaciam,
813 845 859 904 ut
874 817 1057 934 loquitur
1067 817 1232 916 Festus,
1244 820 1351 902 inter
1368 814 1554 928 longiora
1569 817 1728 907 brachia

361 953 434 1037 BE
452 957 493 1032 ὃ(
507 947 549 1026 D
563 942 592 1028 E
606 943 848 1048 contingens
859 968 871 1030 3
883 937 1008 1044 iamsi
1022 938 1054 1018 E
1069 944 1110 1026 bt
1125 936 1210 1018 DE
1225 936 1360 1018 vectes
1371 929 1462 1017 sunt
1478 930 1649 1021 secundi
1659 963 1729 1046 ge-

362 1067 468 1150 neris
483 1119 494 1160 ,
511 1083 608 1142 cum
625 1054 749 1152 illud,
768 1052 880 1167 quod.
904 1051 1092 1167 ponderis
1110 1056 1242 1138 vicem
1261 1046 1390 1148 subit,
1413 1051 1520 1134 inter
1532 1050 1728 1165 hypomo-

361 1178 519 1266 chlium
536 1184 577 1259 δι
591 1168 818 1283 potentiam
831 1163 1110 1277 interjiciunt.

415 1285 662 1397 Huiusmodi
670 1283 1026 1404 forcipibusvetla's
1037 1286 1081 1366 in
1098 1282 1177 1367 EC
1192 1290 1233 1368 bt
1245 1284 1276 1364 E
1289 1283 1325 1370 A
1340 1311 1423 1366 non
1433 1279 1613 1366 abstmile
1623 1279 1730 1370 fuisse

361 1407 549 1501 existimo
577 1399 891 1506 instrumentum
909 1397 1207 1512 antiquioribus
1235 1397 1389 1482 Graecis
1413 1398 1466 1482 ad
1496 1398 1732 1508 frangendas

364 1525 514 1641 absque
524 1523 607 1604 iou
618 1512 884 1634 percutientis
897 1513 1032 1608 mallei
1046 1541 1174 1598 nuces
1185 1512 1406 1611 famil-iare,
1421 1541 1467 1596 ut
1480 1513 1732 1602 exAtistote·

365 1643 403 1730 le
416 1637 611 1724 Mechan.
625 1629 762 1758 quast.
778 1667 841 1716 st.
856 1627 1083 1744 colligitur:
1096 1631 1208 1746 quod
1224 1626 1382 1724 fortasse
1399 1629 1463 1722 vel
1477 1633 1521 1716 in
1533 1630 1730 1728 alterutri,

320 1779 322 1786 '
366 1755 431 1846 tel
450 1761 495 1838 in
515 1777 687 1864 utraque
710 1749 893 1832 interiori
913 1744 1017 1832 facie
1039 1743 1270 1830 breviorum
1295 1743 1554 1834 brachiotum
1575 1743 1744 1834 modice-²

364 1861 558 1960 excavati
574 1862 808 1976 frangendae
830 1863 927 1946 nuci
947 1860 1085 1948 locum
1103 1859 1549 1971 defignabatraddusto
1566 1863 1732 1950 enimin

361 1983 565 2104 opposttas
584 2005 715 2096 partes
728 2005 902 2092 utroque
918 1980 1035 2060 vecte
1053 1977 1134 2062 BA
1162 1986 1204 2064 δι
1231 1977 1348 2076 DC,
1374 2007 1457 2092 quo
1479 1983 1733 2093 propioremt

368 2133 453 2188 nux
469 2099 677 2184 communi
689 2089 994 2209 hypomochlio,
1040 2095 1163 2176 uncto
1180 2087 1332 2178 scilicet
1350 2097 1616 2180 connexionis
1628 2097 1673 2194 E,
1684 2093 1733 2180 cb

366 2211 526 2307 facilius
551 2209 839 2324 frangebatur,
861 2204 960 2323 quia
979 2119 1184 2321 eimajor
1201 2236 1284 2294 crat
1304 2212 1427 2292 Ratio
1448 2207 1581 2297 motbs
1599 2239 1735 2326 poten,

368 2338 435 2418 tiae
450 2329 503 2414 ad
521 2355 678 2412 motum
744 2322 979 2411 tticulatum
1000 2329 1117 2410 nucis
1131 2353 1183 2410 ex
1207 2325 1737 2440 comprelstonedividenda·

306 2481 309 2488 ¹
366 2475 480 2544 rum,
496 2438 659 2558 quime
690 2469 732 2524 et
745 2443 867 2524 Ratio
884 2437 1113 2522 reststentiat
1129 2468 1179 2524 ex
1195 2441 1431 2526 earumdem
1458 2443 1741 2556 particularum·
1861 2513 1862 2520 r

369 2554 654 2674 complexione
672 2583 768 2640 otras
779 2556 851 2654 ,ad
869 2557 953 2641 vim
966 2559 1160 2638 motivam
1169 2560 1373 2674 potentia.
1417 2560 1470 2670 Et
1486 2559 1679 2674 quoniam
1696 2565 1735 2642 in
1861 2565 1862 2576 ³

373 2702 530 2764 nucum
539 2677 793 2760 mentionem
806 2665 953 2764 incidi,
973 2699 1027 2753 ne
1047 2668 1202 2756 levitati
1226 2671 1330 2756 mihi
1352 2671 1522 2773 tribuas,
1537 2673 1654 2788 qubd
1673 2673 1735 2760 hle

372 2787 527 2912 puerile
553 2793 768 2874 inventum
784 2782 809 2870 i
828 2815 894 2870 me
910 2813 1066 2900 puero,
1092 2795 1133 2872 &
1156 2813 1254 2872 tunc
1277 2790 1450 2900 quidem
1481 2793 1738 2878 admiratione

374 2903 622 3004 obstufaoo,
643 2901 897 2993 observatum
909 2931 1223 2992 commemorare
1238 2933 1323 2988 non
1346 2903 1589 2994 erubescam.
1621 2909 1737 2994 Vide·

374 3023 469 3112 bam
482 3049 627 3134 pueros
639 3015 895 3104 clandestinis
902 3017 1121 3132 jentaculis
1133 3017 1394 3128 indulgentes
1406 3081 1418 3116 ,
1431 3051 1476 3104 ut
1490 3027 1588 3108 citra
1604 3024 1736 3110 multi-

374 3137 489 3257 plicis
506 3136 762 3254 percussionis
791 3131 1000 3249 strepitum
1023 3163 1149 3220 nuces
1180 3135 1520 3246 confringerent,
1545 3169 1614 3224 eas
1640 3147 1738 3226 inter

375 3247 551 3372 postium
563 3251 735 3365 angulos
755 3259 797 3336 δι
815 3247 921 3334 fores
935 3247 1150 3344 collocare,
1172 3276 1259 3334 tum
1271 3253 1455 3339 adductis
1471 3252 1737 3344 foribuslesis·

375 3369 475 3455 stmo
489 3371 656 3478 negotio
672 3358 753 3452 unai
769 3359 889 3480 operti
902 3359 1171 3480 consiingete.
1215 3368 1310 3448 Erat
1323 3365 1475 3452 scilicet
1490 3377 1613 3458 venis
1628 3371 1737 3488 primi

375 3485 691 3602 genesis,cujus
701 3480 896 3589 majorem
905 3479 1207 3593 longitudinem
1221 3481 1444 3568 definiebat
1456 3483 1737 3590 soris'latitudo,

376 3599 576 3690 minorem
593 3597 713 3714 ipsius
729 3595 827 3682 foris
850 3597 1084 3696 ctaffitudo,
1100 3604 1154 3684 ita
1174 3627 1220 3682 ut
1239 3603 1364 3682 vestis
1378 3597 1475 3684 esset
1494 3605 1739 3720 inangulum

377 3715 596 3812 inflexus,
638 3714 750 3824 cujus
780 3713 1122 3842 hypomochlium
1149 3714 1399 3808 ,cardinibus
1440 3715 1735 3834 respondebant.

376 3830 509 3948 Usque
525 3824 631 3920 adeb
643 3855 785 3916 natura
795 3833 876 3946 ipsa
888 3829 1166 3921 Methanioen
1176 3893 1188 3933 ,
1204 3831 1401 3944 usumque
1415 3837 1559 3937 vestis,
1575 3839 1637 3924 vel
1650 3869 1737 3956 put·
1862 3937 1863 3952 q

376 3951 583 4036 rosdocet.

438 4065 519 4148 Hit
529 4063 634 4151 adde
648 4091 785 4151 acutas
797 4063 1029 4181 forciprtlas,
1039 4063 1188 4182 quibus
1199 4065 1476 4152 catenularum
1491 4063 1739 4154 fabricatores

378 4184 674 4289 extremitatem
696 4178 754 4264 fili
772 4177 901 4266 ferrei
928 4183 1175 4270 inflectunt:
1202 4180 1304 4270 tatio
1321 4189 1433 4268 enirn
1458 4187 1583 4284 veslit
1599 4185 1738 4302 porin-

377 4297 492 4384 mbm
512 4295 690 4382 consrstit
705 4303 749 4381 in
764 4295 897 4383 validi
915 4309 957 4392 dt
977 4297 1091 4386 firmi
1112 4297 1233 4417 ipsius
1254 4299 1310 4385 fili
1327 4299 1446 4386 ferrei
1460 4303 1738 4416 apprehensio-

379 4443 451 4508 nes
463 4441 557 4508 nam
568 4415 715 4526 quood
723 4411 906 4517 ‘eiusdem
922 4413 1187 4508 inflexionem
1207 4412 1375 4534 spedat,
1394 4431 1477 4504 n'on
1490 4415 1574 4516 est,
1592 4449 1739 4508 curuos

376 4555 715 4644 torqueamus,ut
726 4529 906 4644 aliquam
918 4533 1085 4618 demum
1108 4537 1230 4637 vectis
1251 4534 1435 4620 umbram
1454 4533 1650 4622 venemur
1665 4577 1673 4620 ι
1690 4535 1737 4620 sa·

365 4650 424 4730 ‘tis
437 4644 517 4744 est,
536 4643 563 4730 st
578 4644 778 4759 manubtij
790 4645 1101 4763 amplitudinem
1108 4649 1414 4741 constdcrantes
1430 4643 1740 4773 ,simquecum

404 4777 439 4836 ἑ..
462 4781 475 4834 l
544 4792 565 4842 s
1633 4769 1735 4855 tenui
