3766 5270
386 216 782 378 Liberquaertus.
817 223 1243 338 CarutXVII
1259 213 1299 336 1.
1416 261 1525 371 493

153 386 249 469 {svn
277 376 407 497 igitur
428 379 599 468 funibus
626 379 880 499 suspenditur
906 382 1105 498 pondus,
1140 392 1183 469 dr
1209 385 1438 474 deferentes
1458 367 1528 496 alii

139 503 354 617 propiores
373 495 496 596 lunt,
520 497 588 611 alij
620 503 888 598 remotiores,
910 501 994 586 duo
1024 493 1272 588 observanda
1290 499 1393 586 sunt.
1434 500 1525 588 Pri·

138 643 261 706 mum
283 612 371 712 cfr,
394 609 512 740 qubd
534 611 733 728 suspeufio
757 645 841 702 nou
867 613 926 700 est
951 612 1298 742 perpendicularis
1326 618 1393 704 led
1418 613 1527 704 obli-

142 757 261 848 qua,
285 759 333 812 ac
359 731 533 844 prolude
556 727 647 842 plus
676 733 824 816 virium
847 755 1098 846 roqruntur,
1127 757 1173 816 ut
1200 729 1356 818 constat
1379 762 1432 818 ex
1460 735 1532 834 iis,

127 873 236 960 ,quar
260 846 366 930 diua
391 843 485 932 suut
514 873 603 930 turn
638 844 708 930 lib.
735 877 769 931 1.
792 875 879 962 cap.
902 863 965 933 16.
998 847 1052 932 de
1091 846 1388 932 elevationibus
1418 847 1526 934 obli·

138 965 268 1074 quis,
300 987 390 1046 tum
416 959 489 1046 lib.
503 994 540 1070 3.
568 989 655 1078 cap.
676 993 724 1046 12
750 1023 762 1060 ,
786 962 841 1046 de
868 961 1274 1076 praeponderatione,
1302 974 1345 1048 bt
1363 964 1523 1083 aequili-

139 1076 291 1163 britate
319 1082 507 1188 gravium
534 1075 633 1162 fune
657 1073 944 1192 strspenlbrum.
990 1076 1148 1163 verum
1175 1079 1257 1163 boc
1287 1107 1521 1166 momento-

100 1221 233 1278 frum
258 1219 526 1304 augmentum
554 1197 599 1278 in
626 1188 855 1311 ele'vatioue
887 1203 930 1280 δι
950 1187 1202 1306 suspensione
1222 1192 1421 1310 obliqua,
1449 1195 1521 1282 ubi

135 1311 275 1420 raperis
298 1307 578 1405 abundamus,
603 1337 688 1391 non
717 1307 1026 1402 consideratius
1059 1311 1221 1396 videtur
1247 1317 1399 1424 quippe
1430 1307 1524 1400 satis

138 1421 235 1508 leve
261 1425 595 1520 incommodum,
623 1421 736 1537 quod
762 1421 954 1508 facilitate
979 1423 1244 1510 transferendi
1272 1455 1376 1510 onus
1403 1455 1518 1512 corn·

129 1536 341 1654 penfitur.
388 1539 622 1624 Secundum
644 1537 732 1636 est,
789 1533 877 1623 ubd
908 1539 935 1622 sr
962 1569 1102 1624 omnes
1125 1538 1212 1627 fere
1231 1539 1439 1653 aqualiter
1463 1542 1523 1628 la-
1662 1621 1672 1635 ,

140 1655 291 1740 borant
311 1715 323 1752 ,
343 1683 441 1738 non
475 1651 677 1742 diffimiles
712 1683 735 1737 e
768 1682 793 1736 e
824 1679 1016 1766 oportet,
1045 1651 1111 1742 sed
1147 1655 1331 1770 proxime
1357 1653 1519 1744 talilem

135 1769 401 1884 obliquitates
437 1768 639 1867 funium,
676 1798 728 1854 ex
775 1771 925 1882 quibus
943 1787 947 1794 ’
966 1797 1069 1852 onus
1111 1767 1339 1882 suspensum
1378 1771 1516 1858 defer-

138 1910 242 1968 tur:
278 1883 537 1998 manifestum
572 1888 685 1968 euim
723 1881 783 1966 en
821 1887 866 1966 iu
892 1889 1040 1968 minori
1076 1883 1316 1998 obliquitate
1353 1883 1518 2001 suspen-

138 2001 260 2084 fionis
294 2004 430 2088 minus
471 2002 618 2086 virium
652 1997 848 2114 requiri,
894 1996 1019 2116 quim
1063 2003 1108 2086 iu
1153 2005 1295 2115 majori
1328 2003 1515 2120 uunqui-

138 2142 234 2201 tate.
324 2153 329 2158 ·

198 2237 340 2348 Qpare
363 2233 391 2320 st
419 2233 527 2321 hanc
550 2231 736 2336 Sinarum
756 2229 994 2320 industriam
1019 2229 1196 2318 aemulati
1217 2232 1412 2332 conarer,
1432 2239 1518 2349 pri-

135 2347 253 2434 minu
278 2355 411 2432 oneris
439 2351 704 2434 transferendi
727 2347 1050 2462 extremitatibus
1078 2353 1090 2443 (
1114 2349 1178 2433 vel
1207 2349 1344 2434 saltem
1373 2354 1417 2433 iu
1444 2379 1516 2466 pa·
1616 2385 1632 2400 ‘

135 2465 171 2547 ri
195 2463 385 2549 distanrid
415 2463 439 2549 d
471 2493 612 2552 centro
649 2463 855 2576 gravitatis
872 2462 1110 2579 ,quantiam
1147 2462 1380 2580 conjetiutd
1413 2461 1514 2550 alle-

135 2585 211 2694 qui
244 2574 428 2694 pulsem)
477 2582 605 2666 vestes
644 2575 880 2666 transversos
922 2577 1137 2667 firmiliime
1172 2579 1422 2689 alligarem,
1464 2607 1513 2662 ut

135 2698 319 2779 vestiunt
347 2697 495 2780 horum
529 2695 728 2810 capitibus
754 2698 968 2810 jungerem
993 2693 1140 2788 funes,
1174 2695 1322 2808 quibus
1347 2689 1510 2806 suspen-

134 2809 222 2894 sum
246 2839 351 2894 onus
372 2807 588 2896 deferatur.
631 2814 798 2894 Horum
826 2839 963 2902 autem
990 2805 1300 2894 rmnsverloruur
1333 2811 1512 2900 vcciium

133 2925 439 3036 longitudinem
470 2925 528 3010 ita
556 2925 800 3024 delinirem,
821 2953 868 3006 ut
893 2929 938 3006 in
962 2921 1069 3008 linei
1091 2921 1272 3008 vectibus
1300 2919 1513 3037 paralleli,

134 3051 178 3126 dt
223 3040 368 3154 aequali
414 3067 588 3154 quatuor
634 3037 774 3128 saltent
818 3040 1006 3126 homines
1057 3037 1272 3134 commode
1319 3037 1510 3138 collocari

165 3183 322 3253 ueant,
356 3162 456 3270 quin
485 3155 557 3240 sibi
588 3153 716 3240 ullum
748 3153 1085 3269 impedimentum
1105 3147 1410 3268 progredientes
1439 3147 1509 3247 in-

132 3187 281 3356 ierant.
325 3271 494 3354 Deinde
527 3267 621 3354 satis
653 3269 807 3356 validos
832 3267 952 3360 funes
976 3273 1140 3382 utrique
1166 3265 1343 3352 venium
1371 3295 1510 3368 cartre«

129 3383 266 3471 mitari
295 3387 473 3470 adnexos
503 3413 622 3468 tantae
650 3383 920 3496 longitudinis
950 3382 1195 3482 statuerem,
1228 3381 1379 3498 quanti
1407 3413 1512 3582 qpus

132 3502 215 3598 lit,
243 3527 291 3582 ut
320 3500 476 3596 (tribus
499 3499 735 3584 bominibus
760 3525 856 3584 ante
884 3528 987 3584 uuus
1013 3498 1086 3582 fibi
1112 3499 1253 3582 ordine
1280 3501 1388 3580 retro
1433 3529 1506 3581 no

118 3614 377 3702 cedentibus
398 3647 447 3700 ac
470 3618 729 3700 mediocriter
751 3612 1022 3710 distantibus,
1051 3617 1152 3726 quin
1181 3611 1374 3726 posterior
1397 3620 1506 3723 prio-

126 3737 187 3816 -ris
214 3731 369 3816 calcem
396 3732 695 3846 progrediendo
718 3729 869 3824 feriat)
901 3730 955 3814 ad
979 3729 1084 3834 tertii
1110 3729 1327 3814 humerum
1349 3727 1506 3840 pertin-

129 3873 230 3958 gere
256 3847 400 3961 poffirs
429 3849 517 3932 baec
539 3853 650 3930 enim
673 3845 835 3930 videtur
858 3847 1027 3928 minima
1045 3839 1261 3958 obliquitas
1289 3841 1508 3958 suspensio·

120 3969 222 4058 nis,
250 3971 292 4046 bt
315 3991 405 4076 quae
431 3961 615 4076 proxinrb
638 3961 806 4048 accedat
836 3955 981 4046 adrsus
1001 3959 1505 4072 eubonem‘petpendicu-

128 4077 258 4161 larem
275 4112 295 4174 :¹
317 4083 355 4160 Si
381 4075 479 4162 verb
503 4083 630 4190 major
650 4075 774 4164 fuerit
794 4073 956 4158 funium
972 3990 1215 4186 longitudo,
1239 4075 1379 4182 majori
1393 4070 1508 4154 labu-

127 4223 173 4277 re
200 4191 407 4276 deferetur
429 4223 559 4290 onus,
579 4194 606 4276 sr
630 4187 807 4280 maxrmb
829 4187 886 4275 ita
901 4189 1110 4288 elevetur,
1130 4187 1361 4272 utmulrum
1384 4183 1508 4270 distet

116 4304 155 4392 d
189 4303 372 4413 subjecto
410 4303 531 4403 solo,
563 4313 693 4420 major
725 4310 835 4394 enirn
867 4311 944 4389 erit
980 4303 1197 4428 obliquitas
1230 4297 1507 4415 suspensionis.

102 4427 247 4508 ·-Tum
280 4425 527 4508 extremitati
563 4423 670 4513 funis
705 4425 807 4516 alius
842 4422 1194 4531 vedisalligctur
1218 4477 1241 4518 ,‚
1274 4423 1343 4530 qui
1380 4419 1506 4505 vedir-

116 4538 206 4626 bus
233 4535 322 4622 aliis
341 4535 585 4636 sustentetur
608 4539 656 4628 ed
676 4538 874 4632 methodo
894 4599 909 4640 ‚
939 4565 1063 4656 quam
1091 4530 1216 4648 paulo
1237 4529 1418 4646 superilu
1440 4529 1508 4628 'tu-

128 4650 281 4742 duaci.

242 4783 243 4786 ‘
719 4793 760 4812 ··
900 4761 901 4764 ’
1030 4761 1250 4888 Qua
1364 4857 1367 4862 .
