3818 5264
451 205 884 388 Ltlerftcundns.
930 209 1144 352 CAPuT
1180 245 1247 354 V.
1282 219 1296 236 ⁴
1426 253 1539 394 167'

161 509 1508 575 ὴ-κ--ψω-Μ-ᾳ-...ῃ

588 669 952 781 curor
1033 679 1100 788 u

271 935 274 940 ’
315 935 381 1042 In
421 967 514 1082 quo
547 923 922 1040 Machinarum
955 936 1098 1040 vires
1128 926 1221 1080 fita
1244 926 1367 1077 fint.
1422 933 1426 942 ’

151 1209 455 1419 POtentiam
467 1209 580 1290 oneri
592 1205 798 1291 movendo
810 1212 1026 1322 caeteroqui
1036 1211 1230 1324 imparem
1245 1207 1429 1324 prestare
1442 1212 1528 1328 pos·

233 1321 271 1409 se
286 1385 298 1422 ,
316 1323 347 1406 fi
366 1324 556 1407 machina
572 1321 838 1422 adhibeatur,
854 1326 1094 1437 quotidiano
1114 1331 1392 1440 experimento
1404 1328 1541 1415 disci-¹

151 1469 262 1533 must
281 1434 393 1523 adeo
412 1467 458 1522 ut
475 1435 557 1552 ipsa
571 1442 692 1522 unica
706 1437 890 1552 pluribus
909 1445 1100 1554 potentiis
1117 1441 1308 1528 machind
1326 1443 1527 1532 destitutis

151 1562 301 1641 virtute
315 1555 479 1670 aequalis
497 1555 565 1652 stt,
582 1565 624 1640 &
648 1583 737 1666 quae
760 1555 920 1671 pondus
947 1552 1164 1640 solitarium
1183 1587 1230 1641 ac
1247 1558 1411 1672 srmplex
1433 1560 1527 1645 loco

152 1668 310 1788 prorsus
337 1701 505 1756 movere
526 1701 609 1753 non
623 1695 801 1784 poterat,
815 1671 887 1756 nbi
907 1669 1010 1758 send
1023 1673 1256 1758 machinam
1274 1673 1526 1788 applicuerit,

148 1795 226 1902 jam
250 1817 339 1870 non
360 1789 530 1903 ponderi
556 1784 742 1884 tantitm,
763 1784 829 1874 sed
849 1797 890 1872 &
915 1791 1114 1873 machinae
1141 1816 1297 1874 motum
1321 1793 1526 1877 conciliet.

152 1905 260 2021 Qid
283 1929 387 2015 ergo
406 1902 507 1988 illud
529 1901 606 2000 stt,
629 1931 679 1986 ex
699 1933 783 2016 quo
802 1901 1034 2017 hujusmodi
1057 1909 1205 1990 virium
1229 1910 1551 1998 incrementum.

150 2029 300 2118 oritur,
316 2020 385 2104 hic
405 2017 762 2134 pervestigandum
775 2019 861 2132 estr
883 2029 924 2105 &
940 2021 991 2104 ad
1007 2019 1108 2105 illud
1127 2017 1251 2104 causae
1263 2048 1392 2133 genus
1405 2051 1525 2107 revo-

149 2165 283 2236 catur,
301 2165 423 2248 quam
440 2133 595 2220 Scholae
604 2131 829 2220 formalem
843 2133 1138 2249 appelianttest
1154 2133 1303 2220 scilicet
1317 2141 1439 2235 ratio,
1454 2167 1526 2252 per

151 2283 274 2367 quarn
292 2251 360 2351 fit,
376 2279 421 2334 ut
435 2250 503 2349 fit,
520 2277 645 2364 atque
659 2249 817 2332 dicatur
829 2251 1045 2336 Machina:
1059 2251 1140 2339 boc
1152 2277 1287 2334 autem
1300 2258 1527 2338 incremen-¹

151 2393 234 2452 tum
247 2370 421 2464 virium,
437 2393 482 2448 ut
494 2394 545 2450 ex
564 2365 748 2451 dicendis
763 2364 983 2464 constabit,
996 2392 1047 2450 ex
1065 2365 1266 2451 machina
1282 2367 1412 2480 figurd
1425 2392 1526 2481 pen·-

149 2484 217 2568 det
234 2480 459 2568 secundum
477 2511 600 2596 quam
619 2487 834 2595 potentie,
854 2493 896 2570 &
910 2482 1100 2595 ponderis
1113 2505 1247 2568 motus
1260 2483 1331 2568 fibi
1346 2487 1527 2573 invicem

149 2627 218 2714 pro
230 2596 317 2683 ratri
331 2602 517 2715 portione
536 2593 790 2710 respondent.

204 2720 240 2800 A
261 2713 456 2812 machina
477 2710 869 2826 qut·1nachinaest,
891 2715 1082 2827 potentie
1100 2715 1304 2796 moventis
1319 2714 1424 2798 vires
1439 2745 1524 2802 non
1579 2713 1582 2716 ’

149 2859 192 2915 au
198 2835 286 2945 geri
304 2856 462 2914 certum
472 2827 553 2918 estt
568 2825 673 2911 nihil
687 2831 799 2910 enim
814 2825 870 2912 illi
882 2829 1095 2912 'interioris
1105 2831 1264 2922 virtutis
1280 2831 1521 2943 impertitur,

151 2958 190 3034 &
209 2945 292 3063 qud
311 2943 593 3040 machinaest,
611 2941 663 3027 ab
680 2947 792 3028 omni
812 2945 952 3030 innatet
965 2946 1162 3054 gravitate
1177 2939 1352 3057 sejuntta
1368 2945 1520 3030 intelli-

151 3068 282 3176 gitur:
305 3063 429 3172 vedis
447 3061 666 3174 siqnidem,
689 3057 842 3142 ferreus
860 3059 929 3154 stt,
951 3055 1230 3168 fivelignens,
1247 3059 1446 3144 m'achinae
1461 3093 1522 3146 ra·

149 3188 302 3264 tionem
319 3207 404 3260 non
419 3179 631 3272 immutat,
653 3173 681 3256 st
699 3169 778 3257 son
795 3171 1021 3259 intercedat
1045 3177 1221 3257 materia:
1239 3181 1437 3286 gravioris
1450 3202 1522 3262 aut

149 3292 306 3380 levioris
322 3289 542 3406 disparitas,
981 3335 982 3340 Ν
1310 3346 1314 3356 ι

203 3405 336 3524 Quod
349 3408 378 3492 fi
389 3403 546 3493 facilins
558 3401 690 3492 ferreo
699 3409 813 3492 veste
827 3401 1046 3492 tricubitali
1064 3403 1249 3493 deorsum
1261 3432 1447 3521 premens
1462 3437 1520 3492 at·

142 3527 258 3612 tollas
279 3521 454 3622 saxum,
482 3519 653 3724 ppimsr
677 3523 817 3635 ligneo
839 3525 956 3606 veste
978 3527 1137 3638 pariten
1151 3522 1370 3608 tricubitali
1397 3530 1524 3612 utaris'

152 3649 269 3760 (quia
282 3644 475 3724 nimirum
530 3667 639 3722 rrtus
656 3643 780 3724 vedis
793 3635 919 3722 habet
937 3637 1009 3722 fibi
1020 3639 1218 3724 adnexam
1237 3644 1413 3754 engrati
1428 3671 1517 3726 ma-

149 3750 246 3844 terid
256 3819 267 3864 ,
285 3755 366 3871 qud
380 3753 556 3854 constat,
566 3760 812 3870 potentiam,
831 3779 922 3867 quae
937 3751 1123 3838 deorsum
1136 3755 1322 3867 urgendo
1338 3761 1516 3871 tejuvat,

148 3905 192 3959 nt
215 3872 350 3960 saxum
366 3869 609 3970 attollatur,)
631 3872 672 3956 id
689 3868 813 3986 plane
830 3861 910 3952 eise
929 3895 1043 3954 extra
1062 3875 1184 3956 vedis
1200 3897 1413 3969 naturam,
1435 3871 1518 3986 qut

147 3994 267 4077 tedis
280 3989 340 4074 est
355 3985 640 4088 ,manifestum
653 3991 752 4086 erit,
774 3986 899 4070 finon
908 3975 1118 4086 deorsum,
1138 3983 1206 4072 sed
1216 3981 1387 4083 sursum,
1404 4015 1475 4070 aut
1492 3983 1518 4074 d

147 4105 243 4194 levi
256 4109 299 4190 in
313 4105 498 4190 dextram
520 4106 814 4189 connitendum
829 4101 956 4200 stt,ut
978 4102 1063 4188 duo
1085 4131 1270 4188 connexa
1286 4102 1517 4214 disjungas}

149 4251 245 4307 tnnc
269 4225 381 4306 enim
408 4219 527 4304 ferrei
549 4223 675 4305 vedis
704 4223 878 4332 gravitas
907 4215 1162 4306 sustentanda
1182 4217 1360 4310 laborem
1379 4217 1516 4332 potins

149 4338 316 4438 creabit,
334 4331 459 4451 quim
473 4362 519 4418 ut
532 4363 612 4450 prae
630 4335 746 4420 simili
765 4336 905 4447 ligneo
927 4338 1040 4418 veste
1051 4361 1210 4418 motum
1225 4331 1513 4434 huncfrcilio»

148 4485 232 4539 rem
254 4454 404 4539 reddat.
448 4457 591 4568 Qare
608 4479 753 4566 praeter
776 4451 1033 4535 Methanicae
1056 4447 1261 4534 facultatis
1282 4447 1514 4534 institutum

149 4571 342 4655 machinis
358 4569 530 4665 accidit,
549 4595 595 4652 ut
607 4574 805 4680 gravitate
820 4564 888 4651 sud
902 4568 1092 4681 potentiae
1104 4566 1305 4649 moventis
1321 4568 1426 4660 vites
1437 4567 1514 4651 ad-

149 4713 340 4800 augeant,
357 4712 443 4770 non
461 4684 629 4800 quidem
641 4683 752 4772 iiiam
760 4681 1039 4786 immutando,
1058 4678 1164 4767 fatto
1177 4683 1367 4768 interiore
1381 4683 1512 4814 virtu-
