3708 5274
367 187 477 292 61'0
720 203 758 237 '¹
853 167 1273 286 Meclanicorum
1320 198 1406 289 ”l

419 344 481 440 Ex
491 325 676 424 hisvides
691 329 1323 450 posterioribustrochleisminlrs
1336 361 1564 449 repugnare
1577 337 1736 453 poudtu

362 454 488 578 qutlm
503 453 727 570 prioribus,
743 478 865 563 atque
881 477 1092 565 propterea
1113 448 1233 536 funes
1254 451 1455 536 duuanos
1471 451 1738 566 posteriorum
1850 477 1851 526 l

362 571 635 662 trochlearum
648 561 755 683 polle
768 567 955 650 exiliores
969 560 1256 680 exsequutus
1274 565 1478 676 longiores
1487 565 1652 681 reoque
1663 570 1736 654 de·

364 687 497 780 veniri
514 678 644 802 polle,
658 714 701 768 ut
712 687 893 797 potentia
907 678 1151 766 subtilissimo
1165 679 1351 766 funiculo
1364 683 1605 798 applicetur,
1622 693 1667 772 δι
1680 682 1736 791 sor

365 807 465 896 cure
479 804 615 890 trahat
637 800 753 884 valde
769 825 965 912 magnum
983 798 1152 912 pondus.
1191 799 1358 910 Semper
1379 827 1516 883 autem
1534 797 1741 886 tautonis
1851 821 1852 870 ³

364 924 617 1014 mentionem
630 917 707 1004 feci
721 977 733 1014 ,
749 943 831 998 non
851 905 1110 1011 elevationis,
1127 917 1222 1028 quia
1234 913 1279 996 in
1294 913 1362 998 illa
1383 913 1543 1002 sacilibs
1558 911 1740 1029 quintin

360 1043 444 1130 hac
460 1037 521 1126 uti
533 1029 736 1151 possumus
752 1027 980 1136 hujusmodi
996 1028 1268 1114 trochlearum
1280 1031 1565 1144 complexione
1577 1067 1588 1114 a
1601 1062 1743 1148 quam·

142 1165 147 1177 ·
240 1187 244 1193 -
365 1187 490 1274 quam
502 1153 625 1242 etiam
639 1148 920 1232 inelevarione
931 1145 983 1230 ad
995 1130 1744 1263 mediocremaltitudinem,dispofiti's

364 1273 522 1369 duabus
539 1264 744 1363 trochleis,
763 1261 873 1376 quast
888 1259 973 1343 illas
987 1287 1146 1346 taurum
1160 1259 1358 1348 adhibere
1371 1289 1600 1374 oporteret,
1608 1248 1744 1380 polluy

361 1421 457 1480 mus
466 1386 708 1474 extremitati
724 1381 832 1466 funis
846 1377 1015 1478 ductarii
1035 1379 1211 1489 adjicere
1223 1377 1449 1464 trochleam
1462 1438 1476 1476 ,
1490 1382 1612 1488 cujus
1630 1409 1744 1489 corn7

367 1535 505 1628 parem
520 1497 670 1622 paxillo
687 1501 728 1580 in
742 1490 1250 1608 terramfirmiterdepauo
1264 1493 1499 1608 alligemus,
1515 1523 1589 1579 aut
1609 1493 1746 1596 etiam,

369 1619 585 1709 staltitudo
609 1611 791 1730 suppetat
806 1609 931 1719 longe
946 1613 1076 1721 major
1102 1614 1173 1705 el,
1188 1611 1239 1694 ad
1256 1641 1380 1724 quarn
1398 1608 1673 1696 attollendum
1691 1611 1748 1696 est

369 1737 543 1854 pondus,
563 1739 608 1816 in
628 1728 913 1846 supremoloco
926 1725 1100 1822 statuere
1110 1719 1313 1841 possumus
1328 1721 1550 1810 trochlearn
1566 1726 1749 1830 stabilem
1852 1797 1853 1828 ,

370 1853 555 1940 secundae
566 1847 891 1959 conjugationis,
908 1853 949 1928 dc
966 1839 1104 1927 mobili
1121 1841 1312 1926 trochleae
1324 1843 1539 1926 adneeere
1552 1848 1745 1928 extremi·

370 1997 496 2055 tatem
510 1963 796 2074 funisdustarij
810 1956 989 2074 priorum
1001 1956 1296 2054 trochlearum,
1312 1963 1355 2042 in
1372 1954 1520 2072 quibus
1536 1987 1748 2072 propterea
1852 1951 1853 2010 ἶ

371 2071 1747 2199 caputfunisaduedlendurnesttrochleaemobtli,cuiadhaeretpon
1852 2119 1853 2122 κ

371 2202 449 2287 dus
468 2194 744 2282 evehendum.
916 2209 924 2221 '

431 2319 534 2402 Non
558 2310 617 2395 est
630 2337 767 2396 aurem
788 2301 1113 2390 dissimulandum
1130 2305 1461 2405 incommodum,
1477 2305 1591 2420 quod
1603 2337 1657 2390 ex
1676 2305 1749 2390 hac

373 2427 648 2518 trochlearum
667 2419 922 2538 dispositione
950 2447 1074 2532 atque
1100 2417 1382 2532 complexione
1409 2428 1573 2520 oritur,
1602 2419 1750 2524 scilicec

373 2568 563 2657 magnam
580 2538 743 2628 sunium
762 2533 1061 2648 longitudinem
1085 2539 1264 2648 requiri,
1288 2565 1367 2620 nec
1388 2569 1472 2620 non
1500 2541 1648 2650 ingens
1664 2535 1748 2651 spa-

374 2662 503 2760 tium,
523 2663 567 2742 in
582 2687 673 2772 ¹quo
687 2651 951 2769 disponantur
965 2652 1049 2736 duo
1063 2647 1131 2734 illa
1142 2651 1439 2736 Trochlearum
1455 2657 1588 2768 paria,
1605 2658 1754 2769 quibus

375 2769 687 2891 vigequintupla
708 2768 813 2852 fiunt
836 2770 1030 2850 Potentia:
1055 2794 1273 2850 momenta.
1320 2772 1430 2878 Qia
1452 2773 1626 2852 enimin
1645 2775 1748 2853 Tro·

377 2892 507 2981 chleis
537 2889 738 2972 adnexam
768 2881 963 2967 sarcinam
993 2881 1290 2966 adducentibus
1318 2882 1410 2982 sunt
1439 2913 1616 2996 quatuor
1647 2885 1754 2970 funis

376 3005 528 3096 dustus'
542 2999 713 3116 aequales
730 2997 1000 3082 trochlearum
1018 2995 1254 3096 intervallo,
1277 3003 1447 3113 utique,
1466 2999 1494 3082 fi
1511 3001 1648 3084 eidem
1675 3031 1751 3085 tro·

378 3122 507 3210 chleae
525 3119 684 3234 pondus
708 3145 756 3198 ac
774 3114 884 3198 funis
900 3111 1114 3226 alligatur,
1132 3139 1239 3195 totus
1253 3113 1477 3228 explicatur
1492 3114 1596 3198 ultra
1613 3121 1751 3200 termi-

379 3267 502 3336 num,
520 3231 588 3319 cui
603 3229 785 3316 trochlea
804 3226 952 3312 stabilis
966 3227 1218 3316 adnectitur:
1235 3259 1360 3340 quare
1378 3230 1605 3314 trochleam
1620 3232 1750 3336 mobi-

378 3354 460 3443 lem
477 3347 661 3435 secundae
675 3347 972 3459 conjugationis
987 3343 1188 3427 adnexam
1200 3344 1446 3429 extremitati
1458 3346 1566 3432 funis
1575 3353 1755 3460 priorum

380 3463 655 3554 trochlearum
672 3459 915 3546 constituere
927 3484 1086 3572 oportet
1097 3457 1315 3544 distantem
1326 3459 1348 3544 a
1359 3459 1423 3546 sul
1438 3461 1623 3546 trochleal
1639 3461 1753 3568 stabi·

381 3585 411 3672 li
423 3613 508 3674 non
518 3577 653 3665 minhs
666 3573 789 3692 quim
813 3573 1023 3659 intervallo
1040 3573 1255 3689 quintuplo
1269 3575 1466 3662 distantia
1482 3582 1665 3689 priorum
1680 3607 1756 3687 :ac

382 3725 593 3818 propterea
611 3695 758 3779 harum
778 3688 1046 3804 posteriorum
1068 3688 1177 3774 surus
1206 3690 1430 3804 explic-atus
1456 3693 1642 3777 excurrit
1656 3692 1758 3811 ult'p'a

383 3813 628 3908 terminum,
652 3812 719 3890 cui
741 3806 918 3916 affigitur
941 3831 1106 3916 compar
1129 3805 1311 3890 trochlea
1337 3808 1484 3894 stabilis
1509 3803 1636 3922 spatio
1654 3805 1757 3922 illius

382 3923 590 4048 quincupli
615 3921 816 4007 intervalli
840 3919 1066 4036 quadruplo
1091 3979 1105 4017 ,
1131 3922 1213 4004 hoc
1235 3922 1295 4008 est
1322 3923 1540 4040 vigecuplo
1558 3923 1758 4010 intervalli

384 4050 565 4164 priorum
592 4036 864 4123 trochlearum
891 4071 904 4132 3
933 4033 1001 4120 cui
1032 4036 1061 4117 fi
1087 4036 1259 4121 addatur
1284 4039 1473 4124 distantia
1493 4041 1762 4155 posteriorum

386 4156 603 4277 quintupla
621 4153 818 4239 distantia:
839 4155 1044 4264 priorum,
1061 4155 1247 4237 Ponentia
1261 4155 1453 4240 trochleae
1470 4155 1654 4242 secunda
1668 4184 1760 4238 nro-

384 4274 458 4364 bili
476 4271 673 4388 applicata
695 4267 835 4354 funem
861 4269 1026 4352 trahens
1050 4295 1238 4352 movetur
1251 4267 1566 4386 vigequintuplo
1581 4269 1768 4358 velotiths

384 4381 1766 4510 qualmpondus,&exigitspatiumvigequintuplumdistantinptio·

381 4521 477 4594 ‘rum
490 4502 775 4618 trochlearum,
792 4501 818 4584 si
834 4497 900 4584 illa
911 4499 1009 4584 velit
1021 4503 1224 4614 progredi,
1237 4531 1436 4617 quantum
1450 4504 1534 4590 fert
1544 4502 1768 4619 longitudo

379 4624 495 4724 funis
508 4618 699 4742 explicati
706 4615 776 4718 ,td
791 4617 903 4738 quod
913 4611 1072 4712 necesse
1085 4615 1554 4738 elhlifunisljumentir
1565 4613 1766 4727 ttahauin

568 4774 577 4788 '
859 4759 867 4778 '
1683 4763 1763 4825 DCC

579 4789 611 4830 ,ε
686 4768 867 4832 :',r.,.rt
