3808 5262
346 303 455 366 210.
494 299 498 302 ·
829 245 1250 360 Mechanicoram

399 414 664 526 Methagenis
687 409 906 496 artificium
930 415 1108 494 imitatus
1133 415 1333 494 Paconius
1358 469 1369 506 ,
1403 409 1504 494 teste
1526 419 1720 502 Vitruvio

341 537 412 622 lib.
432 566 494 619 ro.
513 559 599 644 cap.
616 541 651 614 6.
674 527 872 643 lapideam
892 527 1016 611 basam
1042 526 1207 638 longam
1230 526 1353 641 pedes
1378 527 1627 632 duodecim,
1650 533 1713 618 la-

271 674 273 680 ’
343 681 424 738 tarn
448 650 571 764 pedes
602 649 727 742 οᾶο,
759 651 802 728 bc
830 643 950 726 altana
973 643 1097 760 pedes
1116 639 1182 726 sex
1211 640 1411 756 Apollinis
1431 639 1579 729 colosso
1608 648 1718 732 relli-

342 769 569 860 tuendam,
599 761 755 846 duabus
781 763 897 842 Ratis
922 760 1073 872 pedum
1101 761 1261 840 circiter
1284 760 1551 871 quindecim,
1586 763 1717 846 smili.

342 913 403 968 ter
427 879 616 964 inclusit:
641 875 706 961 sed
730 875 806 958 aliti
826 879 980 956 ratione
1003 905 1050 956 ac
1063 873 1334 983 Methagenes
1347 874 1550 958 deducere
1567 876 1714 961 statuit·

341 1005 380 1085 A
407 995 516 1080 Rota
543 996 593 1078 ad
620 998 768 1077 Rotam
793 988 897 1073 cited
924 990 1100 1104 lapidem
1129 985 1233 1072 susos
1256 983 1519 1086 sextantales,
1553 995 1633 1076 hoc
1658 994 1723 1078 est

344 1113 606 1199 crassitudinis
626 1106 819 1223 pollicum
838 1107 1012 1188 duorum
1028 1167 1039 1202 ,
1063 1106 1113 1188 ad
1131 1108 1330 1186 circinum
1349 1111 1556 1218 compegit
1573 1112 1628 1190 ita
1645 1173 1655 1202 ‚
1673 1137 1721 1191 ut

343 1227 452 1316 fusus
472 1227 496 1312 a
517 1223 604 1312 suso
628 1253 712 1307 non
733 1221 898 1304 distaret
916 1223 1062 1334 pedem
1085 1249 1225 1304 unum.
1271 1217 1382 1302 Tiun
1406 1220 1514 1303 circa
1531 1221 1635 1307 fusos
1654 1224 1718 1307 fu-

344 1377 440 1430 nern
461 1340 666 1437 involvit,
703 1341 773 1453 qui
797 1336 926 1422 bobus
952 1335 1206 1421 trahentibus
1223 1333 1523 1449 explicabatur,
1550 1349 1590 1423 ὃ(
1613 1367 1715 1422 con.

344 1461 606 1546 vertebantur
624 1459 752 1538 Rotae.
793 1450 1062 1566 Verbtnquia
1082 1453 1190 1536 stanis
1220 1449 1501 1534 circumvoluti
1531 1449 1641 1567 spirae
1667 1456 1721 1538 ad

346 1607 499 1672 unam,
528 1601 601 1656 aut
630 1571 680 1654 ad
709 1568 873 1652 alteram
896 1595 1049 1680 partein
1073 1565 1302 1680 spectabant
1329 1627 1340 1662 ,
1375 1571 1458 1648 non
1478 1593 1635 1681 poterat
1652 1570 1720 1654 vid

344 1692 451 1776 redd
473 1691 524 1774 ad
545 1689 696 1772 lineam
711 1681 861 1767 deduci
883 1681 1008 1765 moles
1036 1681 1102 1765 illa
1125 1716 1137 1776 3
1161 1679 1227 1767 sed
1251 1676 1377 1766 modi)
1402 1687 1445 1764 in
1467 1683 1603 1784 hanc,
1631 1717 1721 1770 mo-

251 1853 257 1860 ·
344 1804 402 1893 db
436 1803 606 1889 inillam
628 1827 782 1916 partein
808 1797 1054 1882 deflestebat
1085 1861 1096 1898 ,
1127 1827 1172 1880 ut
1193 1825 1293 1912 opus
1320 1791 1418 1880 esset
1440 1803 1725 1899 retroducere,

295 1999 297 2004 .
344 1917 451 2008 adei>
471 1947 516 2003 ut
535 1917 779 2003 ducendo&
795 1915 1028 2000 reducendo
1046 1917 1266 2028 pecuniam
1280 1917 1541 2010 contriverit,
1561 1927 1601 2002 ὃς
1625 1947 1722 2032 ope·
1795 1961 1797 1966 ,

344 2061 432 2122 rant·
459 2031 595 2120 luserit
615 2034 827 2117 Paconius.
869 2025 1061 2113 Potuilset
1085 2057 1221 2113 tamen
1244 2028 1343 2111 huic
1365 2027 1472 2114 analo
1489 2061 1725 2132 occurrere,

343 2183 421 2238 nec
451 2149 510 2235 sui
540 2150 698 2233 inventi
723 2143 842 2228 laude
869 2144 1078 2243 fraudari,
1107 2144 1135 2226 st
1158 2143 1267 2229 circa
1292 2139 1396 2227 fusos
1419 2173 1503 2228 non
1524 2152 1726 2248 unicum,

343 2268 412 2354 sed
435 2265 643 2381 duplicem
668 2261 809 2347 funem
830 2259 886 2344 ita
906 2255 1165 2366 involvisset,
1198 2289 1243 2342 ut
1266 2259 1426 2344 sunium
1450 2256 1559 2372 spiris
1581 2263 1644 2346 vel
1666 2265 1728 2347 ab·

343 2379 666 2470 extremitatibus
696 2372 899 2471 susorum,
928 2375 992 2460 vel
1024 2371 1224 2470 almedi0,
1251 2379 1573 2488 incipientibus,
1610 2379 1728 2462 funis

344 2527 517 2612 uterque
535 2495 697 2611 paribus
724 2489 878 2606 semper
901 2487 1164 2604 intervallisd
1184 2491 1254 2575 stbi
1267 2490 1450 2605 proximi
1466 2493 1574 2578 Rotd
1593 2493 1720 2578 dista-

342 2643 463 2707 rent,
487 2613 539 2696 src
556 2615 667 2694 enim
682 2609 832 2694 fadum
860 2601 993 2690 fuisset
1017 2668 1028 2705 ,
1060 2633 1105 2689 ut
1126 2606 1249 2690 boves
1268 2605 1474 2719 aequaliter
1496 2637 1721 2722 utrumque

343 2733 487 2818 sunem
502 2720 1030 2839 trahentes,aequalit'erque
1049 2721 1285 2808 evolventes
1297 2781 1312 2819 ,
1324 2717 1473 2806 molem
1487 2723 1599 2810 illam
1613 2723 1728 2809 reddt

345 2847 410 2936 vid
430 2846 693 2930 deducerent.
1047 2855 1052 2874 ‘

406 2967 669 3072 Qamquam
685 2951 822 3037 autent
849 2945 914 3036 sud
933 2951 1055 3040 laude
1080 2983 1164 3036 non
1188 2981 1352 3040 careant
1371 2950 1602 3070 hujusmodi
1618 2961 1724 3040 arti·

347 3067 473 3162 ficum
493 3066 672 3168 inventa,
695 3068 985 3184 expeditissime
1002 3097 1150 3166 umen,
1167 3081 1206 3156 &
1219 3068 1319 3154 citttl
1336 3073 1601 3185 impendium,
1616 3103 1723 3158 onea

345 3223 388 3275 ra
405 3194 588 3304 ingentia
605 3188 873 3270 traducuntur
888 3183 1071 3296 subjeslis
1084 3183 1297 3294 cylindris,
1315 3192 1387 3301 qui
1403 3188 1581 3300 pondere
1593 3192 1727 3302 prelii,

346 3306 442 3391 citrn
462 3305 561 3418 illud
590 3303 791 3400 trahitur,
818 3327 1122 3384 convertuntur.
1168 3299 1362 3414 Palangas
1390 3301 1582 3416 peculiari
1606 3335 1726 3389 voca·

292 3465 298 3476 ·
348 3421 446 3507 bulo
462 3418 633 3506 Veterbs
648 3419 786 3501 dixere
808 3414 946 3502 ftestes
962 3441 1106 3498 teretes
1123 3477 1134 3514 ,
1154 3419 1226 3529 qui
1248 3415 1417 3501 navibus
1440 3416 1729 3530 subjiciuntur,

348 3537 722 3626 cltm'atttahuntur
738 3533 789 3620 ad
805 3529 997 3646 pelagus,
1015 3528 1078 3615 vel
1096 3529 1191 3616 clam
1202 3534 1255 3617 ad
1270 3532 1404 3616 littora
1418 3531 1728 3630 subducunturx-

349 3653 512 3768 utapud
529 3645 713 3738 Nonium
724 3647 968 3732 Marcellum
984 3639 1121 3760 legisse
1140 3675 1207 3731 nae
1223 3653 1409 3732 memini·
1446 3653 1597 3763 Neque
1610 3650 1724 3736 aliud

348 3770 559 3885 quidpiam
586 3760 808 3849 censendus
830 3761 891 3846 est
913 3758 1044 3846 Cae-sar
1070 3760 1304 3848 intellexisse
1326 3827 1337 3862 ,
1364 3763 1434 3850 ubi
1455 3762 1524 3849 lib.
1541 3797 1576 3869 3.
1621 3766 1726 3852 Belli

348 3883 470 3970 Civil.
488 3875 626 3966 scribit
646 3883 818 3986 Qum
840 3871 990 3954 biremes
1009 3869 1186 3986 subjectis
1203 3875 1355 3984 scutiolis
1385 3884 1402 3970 s
1421 3875 1578 3967 fortasse
1589 3874 1725 3985 scuta.

333 4003 414 4108 ¹lis,
435 4001 516 4084 hoc
535 3997 596 4081 est
607 3991 783 4100 scytale,
806 3995 983 4108 antiquis
1000 3998 1111 4078 enim
1130 3997 1326 4082 Romanis
1344 4021 1369 4072 a
1384 3995 1725 4112 literarn'usupati

347 4115 503 4202 solitam
522 4113 615 4200 loco
635 4139 661 4216 y
689 4109 813 4194 literae
844 4110 996 4192 Graecae
1019 4137 1163 4201 notum
1181 4110 1269 4210 est)
1294 4109 1467 4220 impulsas
1490 4107 1658 4193 vectibus
1683 4119 1724 4191 in

344 4235 551 4310 interiorem
565 4241 711 4334 partem
727 4219 952 4332 transduxit.
984 4229 1086 4310 Sunt
1103 4253 1240 4312 autem
1259 4225 1415 4341 scytalae
1436 4255 1482 4312 ut
1496 4231 1605 4340 apud
1626 4233 1728 4314 Sui-

346 4343 471 4444 dam,
501 4345 675 4432 rotunda
699 4353 742 4430 &
765 4343 892 4458 polita
910 4341 1027 4458 ligna
1053 4379 1062 4424 :
1087 4343 1242 4458 aliquid
1258 4365 1399 4429 tamen
1419 4343 1623 4460 peculiare
1645 4345 1722 4430 ad-

345 4466 407 4550 dit
430 4461 664 4548 Aristoteles
689 4463 734 4544 in
757 4459 953 4546 Mecha'n.
971 4458 1108 4577 quaest.
1124 4487 1181 4542 11.
1207 4487 1420 4575 quaerens,
1446 4483 1508 4536 our
1523 4452 1723 4567 strperscy.

346 4579 445 4658 salat
466 4569 618 4684 facilirls
646 4595 840 4686 portantur
863 4597 971 4652 onera
990 4567 1100 4682 quaint
1125 4567 1373 4682 supercurrat
1399 4633 1410 4663 ‚
1443 4599 1521 4653 cum
1548 4577 1724 4688 turnay*

346 4721 497 4811 magau
518 4687 825 4786 habetatum,
846 4691 911 4776 illa
929 4685 1018 4792 vrri
1040 4683 1220 4803 pufillar?
1242 4693 1409 4811 Scytalis
1425 4696 1621 4786 nimirum
1639 4721 1757 4806 pu·-

707 4858 711 4871 ·
1619 4807 1741 4899 fillav-
