3918 5262
359 229 437 305 no
687 211 772 307 ,1‘1
830 173 1251 298 arechanicorum
1454 263 1463 282 ·

353 347 534 460 mortarij
557 337 710 428 scilicet
740 343 872 430 fundo
889 341 1065 430 exterihs
1087 369 1223 458 aptata
1241 341 1373 432 fuerat
1391 341 1513 433 malla
1527 371 1579 438 ex
1607 349 1738 444 farind

346 470 410 558 ad
430 463 661 556 formandos
678 487 802 571 panes
818 487 960 544 recens
982 487 1208 558 macerata,
1230 471 1273 548 δι
1286 462 1464 576 aqua'lita
1483 461 1667 570 sabaea,
1688 499 1736 555 ut

353 584 413 670 illi
432 581 628 666 tenaciter
644 578 887 662 cohaereret:
903 601 990 660 tum
1008 579 1138 660 vitreo
1151 573 1264 660 calici
1280 581 1428 690 injeda
1444 581 1585 699 stuppa
1595 587 1735 672 admo·
1864 661 1867 672 .

352 729 400 786 to
411 703 509 812 igne
519 692 682 789 exarsit,
696 686 991 806 applicitosque
1005 689 1109 774 calix
1129 685 1257 777 maffae
1269 721 1359 779 earn
1369 703 1552 798 attraxit,
1568 701 1673 808 'ficut
1689 715 1732 789 δι

346 817 606 910 ,medicorum
624 805 890 892 cucurbit'ulae
913 835 1075 890 carnem
1088 809 1298 910 attrahunt
1313 847 1323 892 :
1339 839 1463 926 quare
1474 845 1645 932 accepto
1662 848 1733 902 ca-

353 933 441 1019 licis
460 931 578 1014 vitrei
602 925 706 1038 pede
724 922 843 1008 facile
871 920 950 1006 fuit
963 931 1201 1008 mortarium
1219 921 1378 1009 elevare
1391 989 1402 1025 ,
1417 943 1459 1016 &
1481 925 1733 1046 suspendere.

355 1045 485 1164 Qtod
501 1045 808 1130 fimannoreum
827 1043 1063 1122 mortarium
1077 1069 1129 1124 ex
1142 1066 1257 1124 metu
1271 1047 1390 1126 vacui
1402 1051 1448 1130 in
1463 1059 1556 1132 aere
1568 1049 1732 1162 pendu-

224 1181 228 1195 '
353 1164 442 1252 lum
462 1159 595 1258 haesit,
610 1157 712 1270 quid
730 1160 881 1238 mirum
904 1153 931 1236 fi
957 1164 1000 1240 δι
1019 1152 1179 1266 ligneus
1196 1153 1401 1264 cylindrus
1418 1158 1597 1276 subjecto
1612 1162 1735 1280 plano

346 1271 630 1366 adhaerescens
644 1281 689 1358 in
704 1275 907 1356 mercurio
927 1267 1062 1352 stetit?

345 1432 356 1478 ¹.
415 1392 617 1479 Nondum
632 1393 768 1501 itaque
780 1417 831 1468 ex
845 1387 926 1468 hoc
947 1389 1245 1496 experimento,
1264 1415 1335 1472 aut
1355 1421 1406 1476 ex
1424 1391 1643 1494 similibus,
1662 1393 1733 1480 ubi

354 1537 470 1596 metu
488 1509 609 1592 vacui
626 1500 714 1588 suos
727 1529 860 1588 motus
873 1497 1007 1582 moliri
1020 1529 1187 1614 corpora
1199 1533 1283 1588 non
1294 1501 1481 1617 poffimt,
1497 1505 1585 1596 satis
1599 1511 1731 1596 habe-

354 1656 446 1712 mus
459 1623 687 1733 argumenti
701 1679 712 1717 ,
728 1647 811 1732 quo
821 1613 1052 1714 levitatem,
1068 1615 1148 1700 sold
1165 1624 1360 1730 gravitate
1373 1625 1552 1724 retentd,
1570 1655 1732 1741 expun-

355 1767 510 1854 gamus.
557 1733 805 1851 Hujulinodi
825 1729 884 1814 est
899 1727 1026 1826 illud,
1051 1732 1123 1816 ubi
1140 1737 1185 1816 in
1204 1733 1332 1844 lignei
1346 1738 1445 1822 vasis
1461 1738 1591 1828 fundo
1609 1771 1734 1826 exca-

201 1887 230 1904 ··
354 1886 476 1944 vatur
488 1851 722 1966 scaphium,
744 1853 811 1931 cui
828 1843 1028 1962 exquisite
1044 1875 1243 1958 congruat
1257 1849 1460 1936 eburneus
1474 1853 1641 1967 globus,
1661 1861 1735 1972 qui

355 1969 403 2058 su
431 1963 607 2056 erinfuso
627 1967 877 2078 hydrargyro
900 1989 986 2042 non
1007 1957 1197 2046 ascendit.
1242 1969 1393 2080 Neque
1406 1999 1519 2054 ennn
1534 1967 1632 2070 ideb
1651 2001 1736 2056 non

355 2002 558 2184 addendis,
571 2086 667 2198 quia
679 2085 779 2164 rima
791 2075 901 2162 nulla
911 2101 1022 2192 patet
1041 2098 1210 2190 argento
1224 2087 1320 2164 vivo
1333 2145 1344 2180 ,
1355 2111 1560 2199 perquam
1575 2083 1737 2172 subiens

357 2201 547 2288 extrudat
568 2201 796 2284 eburneum
820 2192 1016 2306 globum,
1032 2189 1099 2278 sed
1118 2198 1214 2308 quia
1230 2197 1380 2282 ita-‘fibi
1409 2201 1609 2315 exquifite
1631 2231 1732 2286 con-

359 2346 513 2432 gruunt
523 2309 956 2424 ebur,&lignum,ut
970 2313 1030 2390 vis
1042 2305 1122 2422 ipsa
1132 2308 1375 2398 alcendendi
1387 2319 1552 2402 vincere
1565 2347 1649 2400 non
1662 2348 1733 2404 va-

354 2433 439 2519 leat
457 2436 541 2516 vim
558 2425 892 2516 adhaerescentia.
930 2427 1043 2507 Nam
1064 2435 1105 2510 ὃ(
1121 2427 1265 2510 eadem
1279 2434 1339 2512 vis
1359 2434 1403 2514 in
1417 2415 1510 2530 adria
1531 2428 1735 2544 suspendit

358 2577 528 2662 corpora
552 2550 711 2657 gravia,
729 2574 782 2628 ne
804 2537 1063 2628 descendant.
1108 2543 1306 2658 Qamvis
1327 2573 1464 2629 autem
1490 2577 1575 2632 non
1600 2575 1735 2634 toturn

358 2659 690 2777 hemisphaerium
708 2657 821 2770 globi
842 2653 1033 2752 eburnei,
1049 2649 1117 2742 sed
1129 2653 1257 2742 solhtn
1272 2663 1359 2772 ejus
1374 2666 1573 2746 maximus
1597 2667 1735 2747 circu-

355 2777 423 2866 lus
439 2805 684 2890 congrueret
704 2799 900 2858 excavato
914 2767 1051 2880 lign0,
1071 2780 1112 2856 δι
1129 2777 1278 2857 cavitas
1292 2772 1375 2887 ipsa
1388 2789 1480 2862 ac're
1501 2777 1736 2892 repleretur,

351 2924 445 2978 ¹non
458 2921 669 3009 propterea
685 2888 839 2974 tollitur
855 2890 914 2970 vis
924 2883 1250 2972 adhaerescentiae
1264 2887 1369 2974 illius
1383 2891 1585 2977 annularis
1605 2929 1617 2988 5
1667 2898 1736 2980 uia

357 3007 512 3094 scilicet
537 3014 597 3094 vis
615 3004 859 3092 ascendendi
881 3005 925 3083 in
940 3001 1191 3114 hydrargyro
1211 3033 1322 3090 tanta
1335 3035 1419 3093 non
1434 3007 1516 3108 est,
1536 3037 1582 3090 ut
1605 2925 1736 3094 vdleat

356 3121 561 3210 inclusum
574 3123 631 3208 ibi
643 3135 778 3208 aerem
792 3116 1153 3230 distrahere¹,srcut
1163 3147 1264 3233 opus
1272 3115 1372 3206 elset
1386 3124 1437 3208 ad
1455 3121 1736 3239 incipiendum

358 3268 517 3324 motum
542 3243 643 3323 citra
660 3234 888 3352 periculum
898 3235 1014 3331 vacui
1032 3291 1044 3328 ,
1066 3243 1109 3318 hc
1132 3262 1323 3348 praeterea
1345 3233 1566 3352 superanda
1589 3239 1650 3336 est
1672 3236 1735 3324 re'·

305 3359 309 3368 '
359 3352 536 3438 fistentia
558 3354 798 3465 hydrargyri
817 3349 1057 3441 dividendis
1080 3377 1247 3463 corpora
1273 3357 1385 3436 enirn
1410 3357 1454 3436 in
1479 3381 1595 3438 motu
1625 3355 1734 3440 divi·-

359 3469 466 3554 dunt
482 3470 691 3566 medium,
709 3495 781 3582 pro
797 3468 913 3577 cujus
923 3463 1175 3549 cralsrtudine
1188 3465 1449 3552 resistentiam
1457 3474 1736 3582 experiuntur.

359 3584 482 3672 Adde
497 3581 824 3698 hemispherium
834 3579 1006 3670 ,inferius
1017 3581 1061 3662 in
1074 3591 1166 3664 a‘e're
1181 3609 1375 3696 tanquam
1391 3587 1436 3668 in
1448 3581 1540 3668 loco
1561 3585 1736 3700 posrturn

358 3705 561 3813 gravitate
584 3729 668 3784 non
684 3696 817 3784 rninhs
829 3758 841 3795 ,
852 3689 977 3810 qudm
992 3692 1322 3812 hemisphaerium
1341 3695 1519 3816 superius
1531 3699 1672 3786 levitet
1690 3705 1736 3784 in

360 3815 639 3932 hydrargyro,
654 3814 823 3928 proinde
837 3811 893 3896 nil
906 3813 1118 3912 mirum,sr
1136 3811 1280 3924 globus
1293 3843 1378 3898 non
1389 3811 1586 3900 ascendat.
1608 3815 1735 3932 Qod

359 3931 494 4018 sra'e're
507 3927 671 4014 excluso
693 3927 831 4012 locum
853 3926 969 4015 illum
988 3925 1219 4042 impleveris
1239 3930 1523 4042 hydrargyro,
1545 3941 1587 4017 δι
1610 3931 1735 4016 ebur-

359 4059 490 4131 neum
502 4043 672 4158 globum
683 4047 739 4128 ita
748 4043 935 4130 foramini
946 4046 1158 4157 aptaveris,
1173 4069 1218 4126 ut
1230 4042 1288 4128 illi
1300 4040 1500 4158 exquisite
1514 4073 1734 4160 congruam

344 4161 458 4252 ‘siin
474 4155 722 4276 superinfuso
745 4159 998 4272 hydrargyro
1010 4155 1157 4270 globus
1175 4189 1259 4243 non
1275 4156 1487 4257 ascendat,
1507 4162 1661 4270 indicio
1673 4161 1736 4247 cst

361 4279 419 4360 ita
431 4269 688 4387 globum'else
698 4273 886 4362 foramini
898 4273 1086 4372 infixum,
1098 4301 1288 4389 utnequc
1298 4273 1429 4360 valeat
1437 4275 1586 4364 elevari
1603 4272 1738 4362 asub·
1758 4371 1760 4374 ,

359 4393 469 4510 jado
490 4391 741 4505 hydrargyro
758 4397 803 4478 in
822 4387 975 4506 scaphij
991 4389 1163 4476 formam
1187 4417 1260 4505 per
1272 4395 1356 4478 vim
1366 4420 1563 4478 excavato
1575 4429 1586 4474 ε
1599 4420 1736 4503 neque

240 4584 249 4590 .
362 4511 476 4597 enim
497 4503 617 4592 facile
641 4507 746 4594 mihi
770 4502 1025 4622 persuadebis
1041 4505 1318 4621 specificatum
1339 4517 1584 4618 gravitatum
1607 4503 1737 4592 diffca

359 4624 537 4738 sensnm
553 4625 717 4734 exigere
734 4683 747 4726 ,
766 4651 815 4715 ut
831 4619 1166 4739 hemispherium
1178 4626 1386 4736 integrum
1407 4621 1574 4739 praecise
1593 4648 1732 4708 extet:
1756 4723 1760 4738 ι

1590 4763 1737 4864 praeqer
