3708 5274
421 225 846 388 Liberseptinun.
897 233 1274 350 crrurvn.
1424 243 1532 378 687

157 383 442 506 &incipientis
457 390 1009 506 1⁶3·5·7·9·¹1·13›&0·²d0<3
1026 393 1127 508 uest
1142 394 1253 510 quod
1266 389 1435 508 spatium
1450 402 1535 513 pri-

158 535 227 594 nro
239 537 448 594 momentu
465 513 727 626 percurritur,
740 510 991 600 statuaturut
1005 500 1041 611 i,
1053 509 1174 626 triplo
1184 509 1363 597 velocilts
1371 543 1536 598 movea-

116 699 121 708 ,
159 653 226 712 rur
242 655 390 742 corpus
404 653 528 738 grave
541 622 789 713 descendens
803 625 849 712 in
867 625 1044 714 seeundo
1059 655 1296 726 momento,
1318 635 1462 744 quintu
1466 629 1543 746 plu

161 741 338 828 velocius
353 741 398 826 in
412 748 554 844 tertie,
570 740 753 858 septuplo
763 743 942 833 velocius
957 751 1001 830 in
1019 771 1187 860 quarte,
1202 771 1324 858 atque
1343 747 1398 828 ita
1410 748 1532 831 dein·-

159 885 265 971 ceps
307 863 516 978 Qtoniam
535 857 635 954 uere
654 889 916 944 numerorum
931 849 1146 980 imparium
1166 858 1284 944 series
1298 859 1354 944 ab
1378 862 1534 948 unitate

147 977 357 1088 'incipiens
372 973 453 1059 hoc
470 973 620 1074 habet,
640 973 780 1091 qudd,
800 977 827 1061 st
843 975 1086 1089 colligantur
1098 979 1142 1059 in
1155 973 1372 1076 summanr,
1388 1009 1534 1092 nurne-

159 1117 225 1208 τοςι
238 1091 453 1202 quadratos
463 1089 733 1185 constituant5
751 1093 851 1176 hinc
865 1093 945 1192 est,
961 1087 1269 1208 quddcolledlis
1284 1096 1326 1174 in
1339 1090 1539 1204 summanr.

158 1206 348 1290 omnibus
369 1205 631 1290 incrementis
655 1207 878 1291 velocitatis
909 1213 921 1305 (
933 1209 1014 1292 hoc
1030 1205 1088 1290 est
1104 1207 1292 1292 omnibus
1308 1205 1462 1322 spatiis,
1483 1240 1541 1294 ex.

160 1321 224 1402 his
235 1327 387 1436 quippe
399 1321 875 1433 dignosciturvelocitas)
896 1325 1096 1408 habeatur·
1113 1349 1305 1407 numerus
1319 1327 1543 1438 quadratus-

160 1443 373 1550 temporis,
388 1439 499 1552 quud
509 1437 672 1522 duravit
688 1467 830 1522 motus.
860 1439 1029 1524 Collatis
1044 1442 1169 1551 igitur
1182 1437 1360 1560 invicem
1375 1439 1544 1525 duobus

160 1550 339 1636 motibus
358 1553 605 1638 naturalibus
618 1551 987 1670 ejusdemcorporis
1003 1559 1158 1670 gravis,
1176 1551 1242 1640 sed
1257 1583 1340 1638 non
1353 1553 1535 1640 isochro-
1564 1619 1567 1630 .

161 1670 244 1764 nis,
261 1696 381 1754 erunt
398 1697 444 1759 ut
459 1671 652 1784 quadrata
664 1697 892 1784 tempotum
907 1669 964 1754 ira
979 1681 1018 1756 ὅ(
1031 1665 1176 1785 spatia,
1195 1697 1317 1786 atque
1332 1668 1541 1758 econver*

160 1778 202 1863 so
215 1811 261 1865 ut
281 1779 401 1896 spatia
415 1789 521 1868 inter
532 1782 572 1868 se
589 1847 600 1881 ,
615 1789 669 1867 ita
686 1795 727 1870 &
745 1785 1194 1901 temporumquadrata.
1670 1789 1672 1794 ’

219 1897 333 1982 Hinc
351 1905 518 2011 cognito
538 1898 684 2016 spatio,
706 1903 816 2016 quod
831 1901 960 1986 idaeo
974 1931 1141 2016 corpore
1156 1899 1272 2012 gravi·
1288 1897 1546 2018 percurritur

161 2013 258 2098 dato
272 2041 454 2130 tempore
470 2077 482 2114 ,
499 2015 630 2099 statim
643 2013 891 2117 innotescet,
912 2045 1110 2134 quantum
1125 2015 1234 2131 spatij
1248 2017 1451 2102 conficere
1469 2045 1538 2099 va-

138 2211 141 2218 .
163 2128 243 2212 leat
256 2127 335 2214 alio
350 2157 531 2246 tempore
554 2133 673 2228 datu,
698 2132 762 2216 vel
786 2161 939 2248 quanto
956 2161 1137 2247 tempore
1158 2131 1269 2218 aliud
1294 2135 1433 2218 datutn
1451 2125 1544 2245 spa--

162 2243 279 2326 tium.
358 2251 673 2344 traeratnrcnim,
688 2277 886 2362 quantum
903 2245 1072 2366 spatium
1081 2245 1365 2334 descendendo
1378 2275 1541 2361 percur-

165 2388 226 2444 ret
238 2391 322 2444 uno
340 2365 453 2446 hora
468 2363 691 2476 quadrante
703 2364 847 2474 globus
865 2365 973 2449 idern
993 2363 1254 2478 argillareus,
1268 2361 1340 2477 qui
1357 2391 1441 2445 uno
1459 2365 1540 2443 mi.-

165 2503 267 2560 nuto
290 2473 471 2564 secundo
488 2481 698 2563 Romanos
728 2481 851 2594 pedes
871 2511 884 2565 1
894 2514 915 2592 5
940 2479 1139 2594 percurrit
1162 2505 1174 2562 t
1198 2481 1356 2564 Datum
1366 2505 1548 2590 tempus,

165 2591 443 2679 scilicethorae·
456 2595 682 2709 quadrant,
705 2592 890 2711 scrupula
907 2597 1091 2680 Secunda
1102 2629 1188 2701 900
1203 2597 1408 2690 continet,
1426 2591 1539 2698 cujus

166 2711 327 2824 numeri
342 2711 584 2824 quadratum
598 2707 657 2792 est
675 2717 854 2798 810000.
883 2715 969 2828 Fiat
982 2715 1163 2824 igiturne
1182 2741 1195 2792 1
1215 2711 1266 2794 ad
1285 2717 1468 2802 810000,
1485 2712 1549 2788 ita

167 2825 290 2938 pedes
304 2855 324 2927 1¹
332 2857 350 2933 5
370 2827 422 2909 ad
439 2854 661 2935 '12150000
678 2861 687 2906 ε
706 2831 777 2942 qui
788 2827 941 2942 pedum
954 2855 1145 2910 numerus
1167 2829 1210 2907 in
1229 2821 1411 2910 milliaria
1427 2821 1539 2906 Itali-

166 2969 215 3022 ca
228 2936 420 3023 resolutus
435 2942 505 3026 dat
518 2939 703 3025 milliaria
720 2973 852 3052 2430,
870 2973 959 3057 quae
974 2939 1059 3024 urio
1071 2941 1181 3025 horae
1197 2941 1420 3056 quadrante
1437 2967 1547 3020 con--

169 3054 320 3138 ficeret.
353 3056 531 3142 Viciffim
548 3085 749 3172 quaeratur
768 3087 965 3174 quantum
982 3059 1171 3172 temporis
1187 3059 1296 3141 idern
1316 3053 1460 3168 globus
1477 3055 1545 3135 in-

167 3165 340 3254 sumeret
357 3177 400 3256 in
414 3173 546 3288 primo
557 3171 716 3257 milliari
735 3173 1032 3288 percurrendo,
1043 3173 1125 3258 hec
1139 3169 1199 3257 est
1214 3173 1435 3286 ped-5000.
1454 3169 1546 3254 Fiat

169 3313 215 3368 ut
232 3315 275 3394 ¹5
293 3289 349 3372 ad'
363 3323 499 3398 5000,
525 3293 584 3374 ita
603 3321 618 3373 1
638 3291 879 3404 quadratum
895 3291 980 3375 dati
1000 3285 1220 3404 temporis,
1245 3285 1394 3371 scilicet
1420 3287 1549 3366 unius
1623 3367 1629 3391 κ

166 3399 340 3518 scrupuli
362 3405 528 3492 secundi
544 3467 556 3504 ,
570 3407 625 3490 :td-
637 3439 656 3513 3
664 3437 683 3511 3
691 3439 710 3510 3
732 3407 1008 3532 ÷quadratum
1023 3405 1174 3526 quaefiti
1190 3399 1381 3516 temporis
1396 3433 1408 3494 ς
1428 3400 1543 3506 cujus

167 3545 352 3660 quadrati
365 3539 500 3627 Radix
514 3541 796 3656 investiganda
810 3541 870 3626 est
882 3601 895 3640 ,
919 3547 961 3626 ἃ
983 3535 1149 3620 demum
1171 3532 1379 3614 invenitur
1396 3531 1558 3642 'Scrupf

169 3661 246 3775 sec.
266 3667 312 3743 18
330 3663 409 3774 ff&
429 3655 761 3774 pauluampliitsr
778 3685 872 3745 nam
887 3653 985 3740 huic
999 3649 1171 3762 tempori
1194 3642 1362 3762 pr'aefl‘sl:
1377 3640 1545 3758 respon-

168 3793 270 3876 dent
289 3785 415 3872 solltm
430 3787 554 3901 pedes
570 3819 654 3894 499
662 3821 681 3896 5
698 3793 739 3903 g.

229 3933 486 4014 Incrementa
501 3925 590 4010 haec
605 3925 827 4020 velocitatis
842 3951 893 4008 ex
904 3925 1093 4037 concepti
1109 3914 1280 4040 imperiis
1292 3921 1555 4008 incrementa

170 4043 418 4134 desumenda
432 4035 512 4126 effi&
526 4041 660 4126 nullus
672 4038 819 4126 dubito
831 4073 847 4133 5·
866 4036 933 4124 sed
946 4032 1157 4154 operosum
1177 4037 1312 4126 videri
1330 4034 1455 4155 pollet
1468 4065 1543 4121 au-

170 4155 371 4278 gescentis
387 4151 561 4274 imperiis
576 4156 735 4271 causam
747 4171 972 4272 exponere.-
1007 4153 1118 4242 Ctitn
1135 4159 1270 4263 junior
1287 4151 1556 4242 Aristotelem

172 4285 535 4392 interpretatum&
550 4281 697 4389 primas
709 4302 825 4357 curas
842 4267 1555 4389 hujusmodi.rerumeontemplatioae
1647 4329 1654 4338 .

172 4421 217 4480 nt
230 4393 529 4508 tmpenderetn,
543 4393 648 4478 hanc
669 4393 897 4502 excogitavi
918 4389 1404 4504 hypothesrmrvidelicet
1418 4391 1553 4500 impe·

171 4507 238 4596 tiss
255 4509 438 4623 produdi
459 4504 770 4592 diuturnitatem
787 4504 1006 4591 maximam
1022 4504 1353 4592 duobustantltm
1364 4515 1556 4586 momen·-

158 4619 613 4726 uscircumscribebun
623 4629 709 4726 „ita
727 4650 774 4710 ut
786 4627 1141 4740 primonmemenm
1157 4621 1353 4724 oriretur,
1371 4615 1561 4816 seeupdy

1353 4763 1470 4850 aequa!
1483 4749 1560 4817 ena
