3834 5272
380 187 486 318 ‘304
862 158 1285 278 Mechanicorum

375 337 492 422 sicuti
509 327 640 450 puin,
662 357 714 438 ut¹
729 329 889 450 pondus
909 331 956 415 H
978 327 1029 412 ad
1045 320 1249 412 eicess'um
1262 323 1399 438 illum,
1419 322 1573 416 scilicet
1586 333 1639 422 ad
1658 335 1751 438 FG,

377 458 433 538 ita
454 459 486 534 A
501 453 538 536 C
553 447 606 536 ad
624 447 704 548 Cl,
721 459 762 538 &
779 445 838 532 est
854 453 871 532 l
889 446 1088 562 putidum
1104 444 1385 559 quaesttum,ex
1399 475 1482 558 quo
1496 449 1643 564 incipit
1653 448 1754 538 divi·

377 569 457 665 sto,
472 579 513 656 δι
524 565 568 652 in
582 566 706 680 quosr
722 569 791 648 fiat
803 563 1074 677 aequilibrium
1094 563 1239 644 mercis
1254 590 1350 644 cum
1363 556 1562 650 sacomate
1578 567 1754 664 ,mdicat

279 675 288 768 ᾗ
374 691 519 770 mercis
535 689 774 796 gravitatem
791 677 868 764 elle
881 677 1067 792 duplam,
1081 675 1269 791 triplum,
1290 677 1558 794 quadruplam
1576 685 1752 796 gravita-

375 806 426 902 tis
444 797 651 886 satomatis
670 799 740 895 H,
755 823 875 911 prout
885 795 994 878 hanc
1005 790 1214 906 duplicare
1226 797 1419 906 oportuit,
1429 823 1500 881 aut
1513 796 1728 910 triplicare.

435 918 514 1002 Sed
528 943 628 1031 quas
636 911 839 998 habemus
851 935 1089 994 commun-es
1106 907 1267 1002 stateras
1281 906 1331 993 ab
1348 907 1427 994 hic
1438 903 1649 998 sedulitate
1665 943 1753 1030 pro·

377 1031 444 1118 cul
461 1059 632 1116 remotas
645 1021 723 1112 else
741 1007 931 1114 omnibus
951 1021 1172 1120 constabit,
1199 1023 1226 1106 st
1249 1019 1550 1114 observauerint
1563 1030 1753 1144 amplitu.

375 1151 494 1236 dines
510 1152 688 1262 priorum
698 1141 945 1259 divisionum
965 1169 1050 1222 non
1062 1134 1236 1224 omnini>
1257 1137 1496 1255 respondere
1510 1145 1752 1252 brachijmi·

376 1269 486 1372 notis
500 1255 749 1374 longitudini
764 1261 867 1358 ‚hoc
882 1255 941 1340 est
951 1315 963 1356 ,
975 1253 1210 1352 intervallo,
1224 1287 1307 1370 quo
1319 1259 1477 1372 pondus
1488 1258 1608 1345 distat
1619 1259 1642 1344 a*
1653 1261 1752 1376 spar-

377 1409 442 1470 tot
461 1407 594 1492 neque
608 1375 651 1468 id
666 1373 815 1474 solim,
831 1377 928 1488 quia
940 1369 1113 1456 artifices
1125 1399 1277 1486 tantum
1295 1370 1490 1459 adhibere
1501 1375 1753 1488 diligentiam

374 1492 560 1581 recusant
586 1523 660 1610 pro
685 1496 801 1576 tenui
824 1489 1038 1581 mercedes
1069 1485 1211 1574 veriim
1239 1483 1362 1572 etiam
1396 1520 1448 1574 ne
1474 1485 1580 1576 adei)
1604 1520 1751 1606 graves

374 1610 548 1696 existunt
573 1613 743 1722 majores
767 1607 942 1704 staterae,
976 1605 1004 1688 fi
1022 1599 1170 1688 minori
1189 1604 1355 1690 brachio
1374 1633 1484 1698 muta
1504 1602 1601 1692 effet
1619 1609 1754 1698 addita

246 1765 249 1768 ·
373 1730 570 1840 gravitas,
588 1753 677 1840 quae
699 1720 894 1836 longioris
915 1719 1070 1828 brachii
1095 1749 1300 1804 momenta
1320 1751 1510 1838 aequaret.
1537 1725 1615 1808 Pto
1646 1754 1753 1814 terea

370 1847 519 1960 jugum
537 1841 799 1939 construunt,
817 1867 969 1922 uultum
991 1825 1061 1922 seit
1072 1835 1232 1922 lancem
1250 1865 1345 1920 cum
1357 1838 1446 1921 -l'uis
1468 1753 1664 1924 catenulis
1680 1844 1753 1928 ad-

373 1961 543 2044 neiiunt
554 2015 567 2053 ,
578 1947 739 2042 ex'ansi
750 1951 1021 2068 suspendunt,
1037 1950 1193 2062 sacoma
1208 1981 1292 2036 uon
1307 1957 1405 2037 certi
1417 1954 1607 2070 ponderis
1621 1953 1690 2042 sed
1704 1987 1754 2044 tx

375 2071 541 2160 arbitrio
554 2069 736 2186 eligunt,
750 2071 862 2188 quod
876 2095 1011 2155 tamen
1029 2067 1176 2152 additae
1199 2065 1412 2164 lanciunt
1435 2100 1543 2153 unco
1557 2069 1755 2184 aliquate-

374 2218 451 2274 nus
464 2183 700 2303 respondeat
708 2189 825 2302 juxta
837 2187 1003 2270 minoris
1014 2179 1170 2292 brachrj
1184 2182 1505 2295 longitudinem
1520 2214 1615 2270 nam
1632 2187 1753 2273 fihoc

370 2303 488 2392 valde
511 2303 634 2390 breve
661 2301 731 2402 sit,
750 2327 905 2414 augent
922 2298 1049 2384 lancis
1075 2300 1259 2414 pondus,
1279 2309 1321 2384 ὅ(
1334 2303 1526 2382 minuunt
1538 2309 1752 2418 aequipon·

363 2421 499 2515 'diums
514 2429 555 2508 δι
570 2447 620 2503 ex
630 2415 811 2516 adverso,
827 2413 971 2503 stillud
986 2411 1287 2526 longiusculum
1304 2413 1364 2513 fit,
1377 2421 1567 2504 minuunt
1577 2417 1751 2520 lancem,

370 2563 526 2650 augent
545 2529 724 2629 saeorum
742 2531 839 2650 quia
856 2529 1047 2616 nimirum
1061 2530 1107 2614 in
1127 2527 1401 2616 illibrevitate
1419 2529 1572 2646 brachij
1583 2531 1752 2620 minoris

374 2655 523 2763 majora
543 2645 635 2736 sunt
662 2677 870 2736 momenta
893 2646 1049 2761 bmchij
1074 2645 1292 2760 longioris,
1313 2657 1354 2734 δι
1375 2649 1510 2730 minus
1533 2654 1747 2762 aequipon.

373 2767 489 2854 dium
506 2767 595 2882 plus
611 2765 738 2853 habet
755 2761 952 2850 momenti
967 2797 979 2857 3
994 2757 1135 2846 contri
1147 2756 1246 2848 veri>
1266 2759 1381 2846 audi
1398 2759 1567 2846 minoris
1593 2762 1751 2877 brachij

374 2881 633 2996 longitudine
657 2879 898 2978 decrescunt
920 2901 1127 2970 momenta
1155 2875 1243 2969 tum
1266 2877 1461 2997 longioris
1487 2871 1642 2996 urachij
1664 2882 1754 2970 titm

374 2999 635 3114 aequipondij.
1298 3005 1301 3014 ’

433 3117 514 3200 His
527 3117 672 3230 paratis
689 3113 925 3201 statuuntin
941 3113 1057 3201 lance
1068 3112 1298 3229 legitimum
1309 3112 1474 3232 aliquod
1487 3109 1646 3228 pondus
1658 3113 1753 3222 jux·

375 3225 1007 3318 tideuomiuatiouemmensurae
1022 3291 1033 3325 ,
1047 3261 1169 3347 quam
1191 3225 1394 3316 all'umunt
1404 3229 1662 3316 tribuendam
1679 3229 1755 3314 lia·

375 3375 491 3445 terat,
507 3345 761 3463 puralibram
776 3353 788 3444 (
802 3351 911 3436 idem
922 3348 989 3434 die
1000 3347 1052 3430 de
1062 3346 1280 3460 majoribus
1290 3343 1539 3462 ponderibus
1550 3348 1594 3428 iu
1612 3343 1754 3432 aversd

374 3461 527 3550 staterae
537 3490 649 3578 parte
666 3461 945 3561 inscribe-ndis,
961 3459 1139 3574 utlib.25
1152 3489 1224 3546 aut
1240 3493 1316 3548 roo
1335 3459 1451 3570 juxti
1469 3459 1647 3572 regionis
1662 3491 1753 3544 mo·

295 3657 297 3666 .
374 3583 481 3674 tem)
496 3578 646 3663 deinde
663 3577 852 3696 tantisper
867 3577 1244 3688 sacomaadducunt
1255 3577 1320 3662 vel
1336 3578 1551 3673 reducunt,
1567 3577 1667 3665 dum
1678 3576 1752 3672 fiat

374 3693 575 3810 exquisite
586 3694 886 3806 aequilibrium
912 3705 953 3785 ὃς
976 3697 1171 3810 puudcum
1189 3693 1407 3788 adnotant,
1431 3695 1474 3774 in
1494 3721 1577 3805 quo
1593 3691 1754 3778 sacoma

373 3805 559 3928 quiescit.
587 3810 698 3896 Tiun
709 3809 827 3896 aliam
837 3813 973 3898 adhuc
989 3808 1156 3908 libram,
1168 3836 1242 3900 aut
1253 3872 1264 3910 ,
1277 3803 1403 3923 primi
1423 3804 1587 3904 sublati,
1604 3805 1753 3894 bilibre

374 3923 672 4044 pondus,lanci
685 3931 982 4042 importuna&
996 3925 1154 4014 sacoma
1173 3932 1409 4022 retrahunt,
1423 3953 1468 4006 ut
1483 3929 1610 4035 magis
1624 3918 1648 4006 d
1661 3939 1752 4008 mo·

289 4067 293 4072 ·
370 4043 436 4127 tiu
456 4041 750 4136 ceutrodistet3
766 4048 995 4160 iterumque
1012 4043 1118 4128 fado
1136 4040 1360 4160 aequilibrio
1373 4041 1570 4155 poncium
1590 4067 1749 4126 notant.

240 4155 241 4158 Ὺ
373 4162 558 4244 Demum
577 4157 833 4244 intervallum
850 4162 958 4246 iuter
976 4160 1064 4248 haec
1077 4159 1162 4244 duo
1177 4185 1316 4242 notata
1328 4159 1478 4271 punem
1493 4159 1536 4237 in
1550 4153 1648 4271 jugo
1667 4159 1749 4239 ite-

349 4281 357 4368 ,’
372 4303 484 4376 tant,
505 4279 663 4388 quoties
675 4270 860 4390 possuntt
878 4287 919 4362 δι
938 4302 984 4358 ut
1002 4279 1143 4360 uncias
1153 4273 1332 4359 habeant
1344 4269 1523 4384 „fingulo
1536 4267 1752 4366 interualla

369 4393 411 4474 in
432 4391 650 4475 duodecim
662 4391 833 4507 equales
851 4389 1066 4507 particulas
1078 4388 1458 4504 distinguunt,quae·
1475 4391 1519 4470 in
1535 4383 1750 4471 minuscu-

365 4503 414 4596 lis
425 4501 577 4588 stateris
587 4507 726 4594 adhue
736 4507 911 4593 minores
926 4501 1142 4590 divisiones
1156 4509 1369 4620 recipiunt.

356 4691 358 4702 ,
422 4621 590 4740 Qrod-sr
605 4625 741 4712 adhuc
752 4624 933 4744 pondera
946 4617 1053 4707 iusti
1066 4619 1215 4748 libram
1232 4619 1467 4724 unau1‚hoc
1479 4617 1538 4706 est
1549 4619 1655 4706 infra
1671 4651 1753 4756 un·

504 4763 510 4777 “
914 4771 934 4806 τ·
1657 4765 1747 4822 crat
