3918 5262
513 165 670 282 Liber
675 175 881 326 primus.
928 176 1258 290 CA'PuTIV.
1502 217 1589 320 23.

185 335 321 418 minor
331 323 395 416 est
406 329 560 442 angulo
578 335 616 418 A
634 337 657 418 S
673 335 738 433 R,
752 363 842 448 pars
864 335 905 422 G
920 339 1055 419 minus
1068 335 1122 420 de
1132 333 1202 420 suo
1211 341 1368 452 impetu
1377 335 1567 424 deorsum

185 453 371 546 amittit,
404 445 529 560 quim
545 476 636 562 pars
654 453 677 534 S
690 483 702 543 3
727 459 768 536 δι
793 453 976 568 quamvis
1000 455 1118 535 initio
1141 449 1358 537 discrimen
1384 455 1465 538 hoc
1484 485 1569 540 non

184 567 460 681 percipiatur,
481 565 647 650 demum
665 563 712 648 fit
730 627 742 662 ,
762 595 807 658 ut
818 569 966 654 additis
983 567 1165 682 pluribus
1182 565 1424 653 differentiis
1437 577 1570 657 mani·

187 679 291 770 feste
305 707 499 794 appareat
510 708 667 796 partem
700 685 723 764 S
750 683 885 769 minias
915 688 1143 798 gravitate,
1166 691 1262 799 quia
1277 682 1428 770 tardius
1446 687 1567 772 deor·
1668 714 1670 720 ’

188 799 275 884 sum
298 821 522 889 moveturt
558 807 600 882 δι
624 797 791 882 tandem
819 797 902 914 ipsa
932 799 1112 914 sequitur
1138 829 1294 916 partem
1328 801 1360 882 E
1390 815 1567 914 praecur'-
1694 815 1697 824 '

188 941 380 1008 rentem,
404 908 619 1026 postquam
648 915 796 998 minori
815 915 884 1000 illd
911 920 1179 1026 gravitatione
1198 915 1376 1031 permiste
1398 923 1502 1030 porti
1520 921 1568 1015 E,

188 1059 235 1114 ut
256 1023 423 1144 propiits
449 1029 663 1112 accederet
688 1030 740 1113 ad
763 1029 914 1116 lineam
938 1033 1199 1130 directionis,
1226 1033 1425 1146 fieretque
1453 1061 1565 1148 quae·

189 1149 284 1231 dam
309 1141 487 1226 virtualis
511 1143 720 1228 converfio
746 1151 853 1230 circa
878 1177 1065 1232 centrum
1094 1152 1300 1259 gravitatis
1324 1150 1397 1246 H,
1428 1153 1471 1230 in
1488 1177 1569 1264 qua

191 1263 425 1348 extremitas
455 1261 487 1342 E
523 1288 741 1376 occuparet
773 1263 963 1347 infimum
992 1261 1130 1346 locum
1160 1325 1171 1362 ,
1209 1268 1399 1348 Santem
1428 1261 1566 1378 supre-

189 1407 318 1462 mum.
375 1379 515 1490 Qarc
551 1375 646 1462 ciun
684 1407 757 1460 nos
797 1378 945 1464 doceat
988 1383 1238 1494 experientia
1271 1407 1425 1493 partem
1445 1467 1448 1472 ,
1467 1382 1568 1466 HS

192 1493 592 1608 aeqtripondetantem
614 1497 719 1608 parti
741 1493 864 1593 HE,
889 1493 917 1576 sr
942 1489 1234 1608 suspendantur
1244 1525 1295 1579 ex
1320 1497 1396 1592 H,
1418 1499 1568 1581 inmo·

193 1633 238 1692 tu
261 1637 399 1692 tamen
423 1605 557 1691 minias
577 1611 812 1724 gravitate,
849 1605 972 1724 quim
994 1609 1247 1722 opposrtam‚
1274 1608 1453 1728 idedque
1480 1611 1570 1698 fieri

191 1725 300 1810 illam
327 1722 632 1806 conversronem
663 1786 674 1823 ,
711 1754 758 1808 ut
784 1753 873 1838 pars
895 1727 927 1808 Ε
954 1697 1025 1810 dat
1050 1723 1249 1834 inferiorj
1280 1755 1332 1809 ne
1364 1757 1415 1810 ue
1437 1731 1569 1841 aptior

189 1840 374 1952 affignari
401 1837 516 1952 poffit
534 1843 669 1938 ratio,
699 1835 824 1955 quim
880 1871 940 1924 uae
967 1845 1119 1955 petitur
1142 1869 1193 1926 ex
1214 1756 1366 1924 recedit
1389 1847 1568 1956 partium

190 1959 334 2069 majori
358 1950 382 2036 d
407 1949 477 2036 suo
497 1955 823 2068 perpendiculo:
850 1871 939 2042 ilatis
968 1959 1125 2070 liquet',
1152 1978 1351 2070 quantum
1370 1965 1582 2054 momenti

190 2074 342 2157 habeat
371 2069 460 2153 haec
491 2071 712 2153 declinatio
744 2068 768 2156 i
796 2069 1088 2187 perpendiculo
1110 2072 1163 2155 ad
1184 2071 1448 2156 minuendam
1472 2101 1566 2188 gra-

190 2191 442 2288 vitationem.
486 2186 547 2267 Ex
573 2191 714 2298 majori
748 2192 874 2300 igitur
898 2187 1172 2297 declinatione
1204 2181 1361 2270 ailined
1388 2215 1565 2304 perpen-

192 2301 406 2400 diculari,
448 2329 537 2416 quae
569 2297 831 2416 consequitur
865 2333 1012 2419 corpus
1043 2293 1310 2410 constitutum
1339 2331 1424 2386 non
1459 2300 1566 2390 aded

191 2415 335 2534 procul
359 2411 384 2500 i
406 2443 547 2499 centro
575 2441 688 2499 terrae
711 2445 756 2500 ut
778 2415 918 2532 priirs,
952 2448 1037 2500 non
1059 2415 1201 2532 incpee
1225 2427 1408 2530 arguitur
1434 2425 1568 2505 minor

194 2535 374 2649 corporis
401 2533 614 2644 gravitatio
640 2535 684 2614 in
711 2563 761 2618 eo
787 2531 891 2632 sttu,
920 2533 949 2616 st
976 2559 1118 2616 caetera
1148 2533 1225 2614 fint
1249 2537 1393 2647 paria:
1431 2565 1567 2650 neque

192 2655 304 2738 enim
328 2677 519 2762 comparo
543 2675 687 2763 corpus
709 2711 720 2748 ,
743 2651 855 2765 quod
881 2677 957 2766 per
988 2676 1146 2732 motum
1170 2647 1405 2748 descendit,
1431 2649 1566 2764 persc-

191 2795 338 2852 verans
358 2767 402 2846 in
429 2761 499 2847 suo
522 2787 663 2862 motu,
692 2795 788 2848 cum
814 2793 982 2882 corpore
1011 2769 1055 2848 in
1074 2762 1170 2846 'loco
1197 2761 1327 2848 altiori
1355 2761 1565 2852 transeun-

193 2909 234 2966 te
264 2879 290 2964 ὲ
321 2884 460 2995 quiete
494 2879 545 2964 ad
575 2907 764 2975 mutuant
793 2909 889 2972 narn
910 2909 1010 2966 tunc
1037 2909 1087 2962 ex
1119 2883 1275 2993 impetu
1305 2907 1567 2992 permotum

193 3025 397 3112 concepto
423 3000 551 3110 major
568 2993 628 3076 est
649 3000 863 3106 gravitatio
882 2993 1033 3083 inloto
1056 2993 1270 3092 inferiore,
1296 2991 1420 3108 quim
1438 3001 1482 3082 in
1499 2997 1566 3082 su-

194 3119 353 3230 periore
376 3149 385 3193 :
412 3105 665 3200 sedentum
690 3141 856 3227 corpora
875 3116 1054 3196 invicem
1078 3137 1299 3223 comparo,
1329 3109 1393 3194 vel
1419 3117 1570 3225 pariter

194 3225 473 3346 quiescentia,
499 3223 564 3312 vel
587 3255 618 3308 ae
651 3225 731 3312 uali
754 3255 935 3342 tempore
961 3253 1071 3309 mota
1090 3286 1101 3321 ,
1121 3223 1331 3338 illudque,
1358 3227 1570 3340 quodter-

182 3377 245 3429 rat
271 3347 446 3430 vicinius
468 3341 556 3440 est,
587 3255 712 3444 adiero
738 3405 749 3441 ,
778 3343 842 3428 vel
865 3347 1012 3426 minori
1037 3337 1126 3423 nisu
1155 3337 1338 3423 conatii
1364 3347 1502 3456 quiete
1524 3349 1571 3429 in

195 3463 287 3548 loco
299 3459 433 3546 alieno
451 3455 614 3542 tranfirc
634 3459 686 3543 ad
703 3488 887 3556 motum,
907 3457 971 3541 vel
986 3453 1129 3571 aequali
1150 3483 1355 3569 tempore,
1374 3487 1459 3573 quo
1469 3487 1571 3573 prae-

198 3579 303 3664 ceffit
322 3603 485 3675 motus,
509 3577 645 3658 minus
668 3579 842 3689 impetus
866 3566 1087 3685 acquisriffe
1107 3599 1154 3655 ac
1176 3571 1400 3684 minoribus
1414 3573 1571 3662 viribus

196 3725 355 3780 motum
381 3695 630 3776 continuare.

180 3835 185 3840 ·
251 3815 313 3895 Ex
338 3809 404 3894 his
428 3838 519 3924 quae
549 3810 602 3892 de
626 3807 818 3924 gravibus
842 3805 1036 3892 haetenus
1055 3787 1255 3920 disputata
1280 3799 1400 3904 sunt,
1425 3803 1576 3922 aliquis

195 3923 361 4015 fortasse
385 3925 531 4010 inferat
552 3923 658 4008 levio
681 3923 705 4009 i
729 3950 870 4008 centro
893 3925 1107 4007 remotiora
1135 3921 1269 4010 minias
1292 3923 1489 4032 levitqre,
1513 3921 1568 4006 sr-

194 4075 267 4130 cut
293 4046 431 4156 gravia
458 4067 597 4126 centro
617 4045 806 4158 propiora
829 4037 964 4126 minin
987 4039 1200 4152 g'ravitant.
1249 4038 1405 4125 Verum
1432 4066 1490 4121 res
1510 4035 1573 4124 est

194 4155 482 4275 pensrculatiits
508 4157 804 4254 examinanda,
827 4187 904 4240 nec
929 4155 1161 4270 srmp'liciter
1181 4185 1232 4240 ex
1261 4153 1451 4270 oppositis
1476 4179 1570 4268 gra-

196 4281 345 4372 vium,
374 4305 423 4359 ac
454 4271 607 4358 levium
637 4278 789 4358 naturis
820 4273 1098 4372 definienda,
1133 4271 1243 4387 quast
1271 4272 1324 4356 ob
1350 4271 1392 4354 id
1416 4267 1575 4386 ipsum,

198 4397 293 4506 quia
325 4389 401 4477 fibi
425 4395 599 4504 gravitas
626 4418 750 4504 atquc
778 4389 920 4476 levitas
947 4385 1236 4486 adversantur,
1267 4391 1466 4470 contraria
1494 4388 1572 4469 ha·

198 4507 340 4624 bercnt
374 4511 515 4596 omnia
552 4503 854 4626 consequentia,
911 4510 964 4598 Et
999 4505 1167 4624 quidem
1198 4505 1311 4620 quod
1338 4499 1501 4704 spectqtl
1518 4501 1571 4587 ad

1104 4659 1139 4678 ,,
1462 4642 1573 4708 om
