3834 5272
283 325 289 349 x
411 203 515 356 38‘4
700 185 722 308 ¹.
882 193 1307 316 Mechanicorum

218 395 270 424 η,
400 372 580 472 cendum
598 367 651 456 de
672 361 860 486 quolibet
891 361 1045 480 angulo
1074 361 1298 462 constituto
1329 365 1767 480 cutn'petpendiculari
1877 390 1878 393 ‘

400 495 499 580 ΒΚ
523 482 672 574 dlinei
691 515 744 570 ex
774 485 925 602 pundo
949 475 1171 568 concursus
1195 481 1464 582 direclionut'n
1486 481 1612 572 duna
1636 513 1706 599 per
1734 490 1767 572 (2

148 632 151 636 ·
290 663 293 668 ·
401 610 601 724 paullum
618 596 874 690 fulcrizided
890 631 973 718 quo
989 595 1123 702 minor
1137 596 1184 683 lit
1196 595 1654 710 angulusadB‚minor
1670 631 1766 716 quc-
1876 679 1877 688 r

404 753 486 840 que
499 721 559 809 est
577 722 630 807 ad
651 721 711 819 C,
728 727 772 805 δε
788 719 983 834 punitum
1000 720 1044 802 in
1059 712 1168 804 linei
1195 713 1286 800 AD
1311 739 1496 800 notatum
1511 719 1641 827 tnagis
1661 747 1768 805 acce-

403 843 465 926 dit
481 839 533 924 ad
549 839 611 926 M.

464 954 582 1042 Hinc
601 983 674 1072 pro
690 950 1001 1052 determinanda
1020 938 1196 1039 Ratione
1207 973 1511 1034 momentorum
1523 953 1712 1066 potentiae
1724 953 1770 1044 ad

118 1121 123 1132 ·
298 1091 302 1097 ’
404 1099 612 1162 momenta
627 1070 816 1188 ponderis
834 1098 909 1184 pto
917 1063 1077 1158 diverse
1094 1069 1219 1152 vedis
1237 1062 1503 1162 inclinatione
1516 1065 1672 1181 duplici
1689 1097 1782 1153 ine-⁴
1801 1111 1805 1118 ·

406 1191 538 1276 rhodo
554 1192 613 1272 uti
630 1182 790 1303 poteris.
833 1189 967 1272 Prima
983 1181 1116 1282 est‚st
1140 1211 1190 1268 ex
1204 1208 1346 1272 centro
1368 1185 1573 1293 gravitatis
1589 1184 1768 1298 ponderis

357 1405 362 1414 ,
405 1303 556 1392 lineam
573 1303 802 1388 ditellionis
815 1301 963 1401 ducas,
974 1297 1317 1415 puneumenim‘,
1329 1301 1374 1380 in
1389 1329 1473 1414 quo
1489 1300 1582 1384 haec·
1601 1300 1769 1386 occurrit
1877 1370 1878 1373 r

404 1425 533 1524 veui,
551 1419 655 1504 illud
669 1417 752 1516 est,
770 1419 882 1532 quod
898 1417 1045 1503 definit
1058 1413 1196 1534 lecum
1206 1413 1418 1530 ponderis,
1431 1419 1475 1497 in
1488 1443 1572 1527 qno
1586 1412 1654 1500 sun
1667 1445 1768 1502 exet-

406 1564 475 1624 oet
493 1542 710 1626 momenta}p
753 1535 939 1619 Secunda
955 1531 1037 1632 est,
1055 1533 1181 1642 sitam
1195 1561 1246 1616 ex
1258 1533 1454 1616 Potentiae
1470 1527 1595 1644 quim
1606 1563 1658 1616 ex
1670 1537 1769 1618 Pon-

406 1655 513 1740 deris
534 1673 676 1738 centro
693 1654 898 1762 gravitatis
914 1648 1066 1737 lineam
1077 1648 1211 1732 ducar
1231 1647 1283 1732 ad
1308 1647 1647 1764 perpendiculum
1664 1647 1709 1732 in
1724 1651 1769 1734 li-

403 1764 871 1866 neturnorizonealem,
889 1795 979 1886 quae
998 1765 1137 1848 transit
1153 1791 1228 1878 per
1246 1765 1284 1846 C
1300 1767 1498 1877 punctum
1517 1762 1636 1847 fulcri
1654 1799 1667 1860 ς
1685 1794 1768 1851 nan

405 1906 537 2003 parfes
550 1881 672 1990 hujus
687 1881 802 1971 lineae
818 1881 1082 1966 horizontalis
1095 1885 1327 1996 intercepte
1343 1881 1624 1996 interpundia,
1637 1881 1768 1997 inque

401 2001 570 2101 cadunt
583 1996 958 2114 perpendiculares,
976 2005 1017 2084 δι
1033 1995 1307 2110 punctuate,
1327 1991 1404 2080 illae
1426 1991 1540 2094 lunt,
1562 2025 1652 2110 quae
1679 1999 1770 2082 reci·

405 2114 530 2234 proce
548 2111 711 2232 sumprae
725 2111 944 2200 ostendunt
959 2115 1179 2200 Rationem
1194 2107 1383 2225 ponderis
1398 2112 1449 2196 ad
1468 2111 1704 2228 potentiam.
1727 2116 1769 2200 lit

404 2235 481 2318 suu
495 2261 670 2346 namque
691 2226 941 2328 horizontali
957 2229 1084 2314 venis
1098 2230 1295 2342 punc'lutn
1315 2225 1346 2308 E
1365 2231 1556 2341 congruit
1568 2233 1717 2342 pundo
1736 2236 1769 2332 S,

408 2359 451 2436 &
466 2352 648 2462 potentia
663 2347 697 2430 A
713 2350 903 2458 congruit
917 2344 1069 2460 pundo
1092 2346 1158 2426 X:
1178 2339 1237 2426 est
1252 2344 1379 2452 igitur
1392 2371 1438 2426 nt
1459 2347 1543 2458 AC
1559 2348 1613 2432 ad
1627 2347 1705 2432 CE
1723 2349 1769 2430 itt

406 2463 563 2556 XCad
577 2461 653 2547 CS
673 2499 682 2544 ε
702 2461 956 2579 inpositione
970 2487 1106 2544 autem
1119 2455 1287 2572 obliqurl
1303 2457 1353 2542 eir
1370 2457 1465 2543 Ain
1483 2458 1770 2548 horizontalem

407 2577 752 2709 perpendicularis
776 2579 885 2663 cadit
912 2579 955 2658 in
980 2576 1040 2674 Z,
1060 2601 1111 2658 ex
1124 2573 1168 2657 D
1185 2571 1294 2657 cadit
1307 2570 1352 2655 in
1365 2576 1427 2672 K,
1443 2606 1495 2662 ex
1510 2583 1528 2663 Ι
1545 2573 1646 2666 vetd
1665 2585 1706 2664 in
1722 2585 1768 2665 Ο.

406 2701 519 2824 Qua
533 2699 659 2808 igitur
672 2693 872 2806 triangula
889 2689 975 2778 ΑΖ
988 2691 1081 2776 C&
1099 2691 1144 2774 Ν
1155 2687 1240 2772 KC
1259 2682 1351 2771 sunt
1364 2691 1619 2806 aequiangula
1634 2757 1645 2794 ,
1660 2700 1768 2782 vide-

405 2811 503 2898 licet
519 2809 818 2922 redangula'ad
833 2811 868 2896 Z
882 2817 926 2894 δι
941 2809 991 2907 K,
1005 2801 1443 2922 angulosadverticem
1457 2809 1510 2907 C,
1525 2839 1575 2895 ex
1593 2811 1768 2922 15.lib.1;

355 2941 358 2951 '
405 2927 579 3044 aequales
596 2926 772 3023 habent,
788 2936 856 3026 &‚
874 2953 929 3009 cx
945 2949 993 3028 32
1006 2920 1076 3006 lib.
1094 2947 1125 3004 1.
1150 2919 1356 3035 reliquum
1380 2923 1558 3038 reliquo,
1575 2925 1640 3014 est
1653 2955 1768 3044 per4

405 3041 475 3132 lib.
492 3056 529 3130 6.
553 3073 600 3128 ut
628 3039 714 3124 Ac
739 3045 790 3146 ad
815 3041 909 3130 CN
932 3035 1106 3123 ita-ZC
1135 3037 1188 3121 ad
1216 3037 1311 3122 CK.
1361 3041 1554 3126 Similiter
1576 3043 1771 3156 triangula

403 3163 492 3248 ΒΟ
510 3164 545 3246 C
564 3169 605 3248 &
622 3159 654 3242 A
670 3153 755 3240 ΖΟ
771 3151 1006 3270 redangula
1043 3155 1072 3240 d
1091 3156 1133 3238 Ο
1152 3163 1194 3248 ὃς
1212 3153 1250 3236 Ζ
1266 3153 1440 3266 angulos
1454 3157 1506 3241 ad
1526 3163 1720 3244 verticem
1737 3161 1770 3244 C

404 3271 577 3390 aquales
594 3271 770 3374 habent,
787 3271 943 3392 &reliq
1079 3269 1229 3386 reliqum
1248 3269 1438 3386 adedque
1456 3269 1547 3355 sunt
1565 3273 1716 3373 fimilia,
1732 3287 1769 3363 δι

265 3393 276 3404 “
404 3417 451 3476 ut
466 3390 548 3473 AC
563 3389 615 3474 ad
633 3390 737 3490 CB,
755 3395 811 3476 ita
824 3391 911 3474 ZC
926 3388 979 3474 ad
996 3388 1098 3474 CO.
1146 3391 1288 3504 Qare
1310 3389 1357 3472 in
1375 3387 1454 3470 hac
1466 3387 1635 3507 obliqui
1656 3391 1771 3476 vestis

401 3503 600 3618 positione
611 3533 863 3594 momentum
901 3492 1450 3624 ondensDadmbtnentum
1464 3505 1770 3623 potentiaelulli-

401 3619 768 3709 nentisestutZC
788 3626 839 3709 ad
905 3619 1771 3736 K,&momentumpendetisiadnrotnen-
1808 3719 1812 3734 ,

402 3763 490 3824 tum
508 3736 700 3854 potentin
718 3737 944 3824 sustinentis
956 3739 1074 3824 estut
1091 3733 1246 3826 ZCad
1265 3737 1377 3819 ΕΟ,-
1442 3751 1446 3758 “

458 3857 519 3940 Ex
536 3857 625 3952 his,
640 3885 730 3970 quae
740 3849 794 3940 de
809 3853 992 3972 potentie
1006 3852 1254 3941 sustentante
1270 3849 1378 3940 diua
1391 3849 1495 3950 sunt,
1511 3847 1600 3938 satis
1614 3880 1773 3972 apparet

400 3975 627 4086 potentiam
648 3971 770 4086 paulo
791 3970 1030 4059 validiorem
1054 3968 1146 4058 satis
1162 3963 1243 4057 effe
1261 3971 1315 4055 ad
1336 3970 1497 4084 pondus
1514 3975 1769 4062 movendum.

404 4087 561 4174 Verinn
585 4085 685 4172 licet
717 4092 760 4172 in
780 4091 891 4174 vecte
910 4095 1029 4204 primi
1045 4091 1207 4204 generis
1224 4087 1276 4173 nd
1298 4088 1460 4202 pondus
1475 4083 1773 4174 sustentandum

288 4216 292 4232 ⁴
398 4205 632 4318 opportuni:
648 4209 830 4290 animum
844 4208 1136 4294 adverterimus
1155 4205 1208 4290 ad
1221 4203 1368 4291 libram
1383 4231 1579 4301 curvam,
1607 4204 1697 4288 haec
1713 4214 1772 4289 ta:

400 4325 498 4403 lnen
529 4325 573 4404 in
605 4323 718 4408 uelle
741 4321 907 4411 ¹lecundi
932 4327 1093 4434 generis
1119 4323 1259 4408 locum
1282 4293 1451 4408 haberel
1469 4349 1554 4402 non
1590 4315 1769 4436 poll'untr

400 4461 612 4548 propterea
641 4439 694 4526 ad
715 4438 840 4524 aliam·
858 4439 1093 4558 explicandi
1122 4444 1322 4526 rationein
1347 4435 1673 4550 confugiendum
1700 4437 1769 4536 est,

327 4566 336 4598 ⁸
399 4579 489 4664 qutt
507 4557 668 4668 utrique
681 4560 821 4666 generi
838 4561 1065 4641 communis
1078 4556 1138 4656 fier
1152 4587 1230 4641 nec
1244 4555 1410 4642 difficile
1422 4560 1497 4637 erit
1512 4583 1574 4651 ea,
1589 4581 1678 4670 quae
1692 4541 1767 4638 lll-¹

398 4667 814 4788 timcapitesequenpi
828 4669 1769 4790 subjiciuntprosecundorediisgenerendpri²

744 4838 748 4848 ·
1651 4811 1761 4872 munt
