3918 5262
370 267 456 372 154
703 244 706 253 “
859 209 1286 334 Mechanicomm
1563 327 1566 334 .

284 393 300 452 f
375 409 549 500 uterque
562 377 684 500 polus
702 371 978 491 responderet:
991 380 1036 460 in
1055 377 1231 491 cingulis
1252 404 1390 465 autern
1400 369 1592 498 praterea
1602 371 1760 470 haben·
1782 402 1790 412 “

375 507 432 591 da
449 493 547 587 essct
569 500 672 582 ratio
693 488 1083 596 transversariorum,
1104 523 1177 609 per
1197 523 1286 612 qnae
1299 499 1383 581 axis
1403 496 1636 610 infigendus
1648 493 1758 598 esset,

374 649 425 705 ea
443 625 556 702 enim
576 605 738 728 possunt
752 636 940 695 centrum
959 614 1168 721 gravitatis
1186 611 1414 726 compositae
1438 617 1484 697 in
1504 609 1584 698 alio
1608 618 1761 732 pundo
1787 625 1790 630 ’

375 731 639 820 constituere.
1708 805 1711 812 ⁴

430 847 628 938 'Secunda
647 845 780 959 praxis
789 839 950 926 laminis
962 841 1205 957 potillrmlun
1216 843 1542 942 accommodata,
1554 848 1596 929 in
1611 836 1764 961 quibus

408 965 579 1050 undum
594 961 777 1048 medium
789 953 878 1042 satis
898 959 1087 1046 accurate
1103 963 1322 1076 inquiritur
1334 1023 1346 1060 ,
1358 989 1403 1044 ut
1416 960 1444 1044 sr
1457 959 1606 1044 lamina
1622 960 1763 1047 mctal-

375 995 457 1167 ἔοι
472 1071 570 1169 esset
587 1081 630 1160 in
643 1074 813 1159 calicem
825 1077 1084 1176 excavando,
1099 1075 1186 1178 haec
1198 1069 1280 1161 elle
1298 1075 1440 1194 potest.
1467 1082 1634 1222 Impone
1647 1076 1759 1162 lami·

375 1225 473 1282 nam
493 1223 622 1280 acutat
644 1186 797 1306 cuspidi
823 1189 941 1274 cultri
966 1251 978 1290 ,
1001 1221 1071 1276 aut
1093 1191 1180 1305 styli
1202 1253 1214 1292 ,
1237 1223 1409 1308 eamque
1439 1191 1548 1276 ultro
1570 1191 1762 1308 citroque
1872 1260 1877 1268 .

309 1353 325 1364 ·
378 1307 571 1426 tantisper
609 1337 766 1406 move,
808 1306 908 1390 dum
946 1307 1133 1390 consrstat
1168 1304 1268 1390 citrd
1299 1305 1526 1422 periculum
1558 1308 1764 1394 cadendi:

373 1431 577 1546 pussilum
598 1427 733 1520 enim,
756 1423 867 1535 quod
885 1415 908 1503 i
924 1422 1044 1506 cultri
1063 1449 1133 1506 aut
1154 1421 1244 1535 styli
1265 1420 1429 1538 cuspide
1450 1451 1637 1525 notatur,
1658 1455 1771 1510 cen*

369 1545 488 1628 'uum
503 1539 562 1627 est
583 1537 804 1655 qnaesrtum.

437 1661 580 1744 Tertia
601 1658 732 1768 praxis
749 1653 795 1734 srt
813 1655 861 1735 iis
888 1654 1124 1768 corporibus
1154 1657 1428 1752 conveniens,
1453 1683 1543 1768 quae
1570 1656 1758 1768 praestant

376 1771 666 1886 longitudine,
694 1766 828 1884 qualia
847 1763 941 1852 sunt
959 1765 1361 1882 pserrdocylindrica,
1389 1777 1560 1869 conica,
1584 1779 1761 1886 pyrami-

376 1891 448 1977 des
465 1900 546 1974 &c
560 1915 653 2000 ,quat
676 1886 804 1968 srnon
820 1885 984 1998 praedita
1005 1885 1083 1968 sint
1109 1885 1237 1970 multi
1264 1889 1481 1995 gravitate,
1496 1890 1768 2001 imponantur·

376 2001 564 2096 funiculo
580 2003 693 2087 brevi
709 1999 1016 2084 horizontaliter
1028 1995 1206 2098 extenso,
1219 2001 1298 2084 atsr
1318 2003 1500 2111 graviora
1514 2001 1678 2104 suerint,
1695 2005 1760 2090 vel

378 2117 611 2234 cylindrulo
632 2115 696 2200 vel
723 2119 825 2199 aciei
845 2111 1040 2230 prisrnatis
1060 2120 1211 2227 trigoni
1245 2115 1537 2228 imponantur,
1567 2128 1608 2203 &
1634 2117 1763 2236 usque

376 2237 479 2338 dum
501 2241 544 2319 in
564 2230 791 2348 aequilibrio
811 2229 1028 2314 consistant
1042 2291 1053 2330 ,
1069 2258 1407 2346 promoveantur:
1427 2230 1497 2315 ubi
1513 2237 1622 2316 enim
1644 2242 1764 2350 quic-

377 2355 485 2436 verit
509 2345 948 2463 corpus-imposituri,
979 2376 1041 2430 ex
1068 2349 1160 2430 loco
1196 2348 1404 2430 contastds
1431 2347 1659 2455 innotesset
1693 2349 1760 2436 vel

378 2469 603 2582 punsdurn,
624 2463 652 2548 li
672 2468 715 2554 in
731 2463 883 2581 pundo
897 2457 935 2544 se
946 2467 1212 2573 contingant,
1228 2462 1292 2546 vel
1303 2461 1436 2562 linea,
1458 2463 1484 2546 sr
1501 2468 1543 2545 in
1556 2462 1675 2566 linea,
1687 2497 1763 2581 per

378 2611 501 2697 quarn
529 2580 747 2665 srducatur
767 2575 933 2691 plantun
955 2573 1134 2692 dcentrp
1148 2605 1283 2672 terrae,
1303 2577 1578 2690 distinguetur
1596 2584 1760 2698 imposr-
1809 2653 1814 2662 .

378 2726 468 2782 turn
484 2697 631 2812 corpus
644 2699 688 2778 in
702 2700 908 2776 momenta
922 2697 1128 2803 gravitatis
1142 2692 1320 2808 aequalia.
1345 2693 1516 2779 Inventi
1530 2723 1666 2783 autem
1682 2700 1761 2784 hu·

374 2807 552 2927 jusmodi
568 2807 819 2920 linei-facile
840 2811 983 2922 prodet
996 2805 1033 2892 se
1046 2809 1255 2923 quaesrturn
1268 2815 1475 2924 pundnrn.

402 2949 406 2957 '
443 2931 602 3041 Qsarta
622 2930 752 3041 praxis
781 2921 864 3006 non
880 2921 1057 3010 mulslim
1081 2924 1202 3009 distat
1225 2922 1490 3039 dlirperiore:
1515 2926 1542 3009 li
1567 2934 1763 3016 nimirum

382 3041 565 3130 oblatum
585 3071 730 3158 corpus
746 3035 979 3152 imposueris
996 3039 1117 3152 plano
1137 3039 1259 3126 alicui
1278 3041 1521 3125 horizontali
1536 3105 1553 3146 ,
1568 3048 1678 3157 quod
1695 3075 1758 3133 ta-

381 3154 515 3244 rnend
533 3161 767 3272 pavimento
782 3154 883 3240 abfit
901 3155 1097 3240 mediocri
1116 3153 1255 3270 aliquo
1271 3155 1506 3255 intervallO,
1523 3159 1671 3246 habeat
1686 3193 1760 3246 an-

381 3301 468 3358 rem
484 3301 714 3360 extremum
731 3273 955 3382 marginem
968 3268 1109 3356 exarte
1124 3276 1276 3357 redum
1293 3308 1301 3352 :
1322 3301 1435 3357 extra
1458 3269 1645 3390 suppositi
1666 3278 1757 3392 pla-

384 3395 426 3476 ni
443 3393 671 3502 marginem
685 3384 785 3470 illud
799 3381 992 3500 paulatim
1010 3413 1203 3498 promove
1218 3447 1231 3482 ,
1249 3387 1382 3472 donec
1398 3383 1452 3474 ed
1467 3397 1646 3490 venerit,
1665 3421 1708 3475 ut
1729 3395 1759 3478 li
1808 3429 1810 3432 ·
1845 3457 1846 3465 a

273 3508 274 3519 '
386 3504 450 3590 uel
469 3507 685 3590 minimum
707 3497 873 3584 ulterius
897 3513 1228 3614 promoveretur,
1244 3499 1383 3616 sponte
1409 3505 1572 3588 caderet
1587 3541 1599 3601 3
1617 3506 1759 3624 ibique

385 3615 609 3706 secundum
625 3617 909 3720 testitudinem
920 3617 1112 3727 marginis
1121 3613 1232 3727 plani
1243 3621 1324 3703 duc
1341 3617 1441 3732 stylo
1455 3618 1604 3706 lineam
1618 3627 1660 3706 in
1675 3655 1777 3707 cor·-

386 3764 484 3850 pore
501 3731 699 3849 imposrto.
725 3730 892 3821 Deinde
917 3727 1127 3844 superficie
1148 3727 1291 3830 eidem
1309 3733 1474 3850 planum
1487 3761 1706 3848 tangente,
1727 3740 1757 3822 si

388 3879 558 3966 corpus,
578 3875 720 3963 practer
735 3845 1057 3958 longitudinem,
1082 3876 1165 3930 non
1185 3853 1386 3935 modicam
1402 3877 1591 3962 practerea
1610 3853 1767 3940 habeat

279 3977 288 4004 ‘
385 3961 668 4062 latitudinem,
685 3987 945 4046 convertatur
955 3960 1279 4076 aliquantulum,
1298 3975 1339 4050 δι
1353 3962 1467 4050 fimili
1480 3968 1678 4054 methodo
1690 3975 1762 4055 in-

385 4084 577 4166 venietur
589 4076 697 4162 linea
713 4075 790 4160 alia
805 4073 942 4160 secans
955 4081 1130 4192 priorem
1141 4080 1185 4159 in
1203 4083 1353 4192 pundo
1369 4077 1547 4196 quaesito,
1562 4085 1673 4196 quod
1687 4083 1763 4172 sci·

384 4191 482 4279 licet
497 4191 715 4310 respondet
728 4219 869 4276 centro
888 4195 1094 4306 gravitatis
1109 4195 1217 4279 intra
1233 4193 1410 4310 corporis
1425 4191 1666 4284 soliditatem
1683 4199 1759 4308 de·
1869 4205 1877 4216 “

384 4306 599 4396 litesccnti.
1516 4403 1522 4410 ,

360 4433 363 4442 ’
444 4425 550 4510 Haec
564 4420 655 4508 sunt
673 4449 762 4538 quat
774 4421 1042 4509 Mechanices
1055 4419 1430 4512 institutosufficere
1441 4425 1585 4544 possint
1597 4429 1650 4518 ad
1663 4461 1763 4517 cen-

386 4565 495 4625 trum
507 4541 1042 4655 gravitatisinvenicndums
1057 4545 1102 4624 in
1114 4539 1289 4628 molibus
1300 4545 1412 4627 enirn
1425 4543 1656 4662 majoribus,
1669 4573 1764 4661 quar

383 4654 718 4784 plerumquesvix
734 4651 935 4749 differunt
955 4651 980 4751 d
994 4653 1191 4775 prifinatis
1203 4720 1217 4770 ,
1227 4689 1314 4750 non
1329 4661 1559 4776 indigemus
1573 4689 1762 4750 commu-

453 4797 458 4804 '
1654 4782 1766 4867 niter
