3780 5270
182 153 185 160 Δ
341 197 344 204 ⁴
445 201 1226 380 LiberstxtusssnPuTlVs
1392 251 1567 380 601!

132 393 162 480 sr
189 381 383 479 niinitum
408 389 532 478 trabis
549 391 804 507 „exporrecta
836 389 1083 478 extremitati
1108 397 1152 484 D
1180 391 1370 514 alligetur
1398 401 1510 494 firnic

73 507 77 515 ’
128 507 351 608 ductarius,
366 513 438 624 qui
455 505 631 624 prirnirm
642 502 812 591 transeat
825 534 899 622 per
908 507 1136 597 orbiculum
1152 516 1184 600 E
1202 515 1373 630 ponderi
1383 522 1507 608 attol-

132 627 317 712 terrendo
340 627 573 722 adnexum,
589 624 739 709 deinde
757 649 830 748 per
856 621 1059 710 orbiculos
1083 629 1170 714 F&
1192 631 1233 714 G
1253 631 1354 717 trabi
1368 637 1510 725 adha.

130 769 289 838 rentes,
302 767 376 855 ptr
387 769 490 856 quos
505 739 671 825 demum
682 763 798 826 venit
820 738 872 823 ad
887 742 1020 825 Anam
1031 742 1093 841 H,
1101 741 1177 832 ,cui
1194 745 1509 840 circumducen.

129 855 293 944 dusest.
323 858 554 975 Quaenirn
567 857 748 970 potentia
762 858 846 940 inf
861 855 988 972 duplo
1001 857 1182 946 velocibs
1191 867 1511 984 movetutqtrdm

128 974 191 1074 E,
213 975 461 1060 &Potentia
478 969 523 1056 in
553 975 578 1056 S
609 997 796 1086 premens
829 971 1090 1095 Jsyrnpanum
1118 1003 1307 1092 movetur
1328 980 1509 1074 velocius
1598 1059 1601 1066 .

130 1117 256 1205 quam
281 1091 312 1177 F
323 1146 335 1186 ,
363 1091 407 1170 in
423 1091 600 1174 Ratione
612 1089 735 1202 partis
745 1083 1028 1182 semidiametri
1051 1097 1232 1206 tympani
1247 1092 1298 1180 ad
1318 1093 1508 1186 semidiaa

129 1231 309 1290 metrum
320 1205 442 1302 Axis,
457 1205 540 1290 hoc
552 1199 612 1286 est
625 1206 669 1286 in
682 1198 861 1288 Ratione
880 1206 912 1286 A
928 1209 965 1294 V
985 1203 1039 1290 ad
1055 1207 1162 1305 ΑΗ,
1175 1207 1436 1300 manifestum
1448 1213 1511 1305 est

130 1315 332 1435 geminari
340 1311 547 1403 momenta
561 1317 743 1432 tympani
758 1315 932 1402 solitarib
949 1323 1119 1436 accepti.
1158 1327 1285 1442 Qod
1300 1325 1328 1408 sr
1342 1355 1510 1417 ramex.
1622 1371 1624 1376 ·

131 1439 327 1524 tremitati
345 1435 416 1532 D,
437 1428 562 1550 quim
579 1433 755 1518 Pondcri
776 1433 1088 1520 adn'estcrentut
1111 1440 1327 1526 Trochleae
1343 1503 1354 1534 ,
1371 1445 1511 1532 adhuc

130 1554 263 1666 major
278 1545 376 1636 ell'et
390 1555 450 1635 vis
467 1552 676 1663 Tympani
695 1553 811 1632 aubia
826 1577 899 1664 per
911 1551 1159 1650 Trochleas,
1174 1563 1217 1641 δι
1236 1554 1403 1644 viciffim
1420 1588 1509 1648 ma·

130 1665 195 1778 jor
211 1664 508 1756 Troclrlcarum
520 1666 580 1750 vis
592 1667 788 1778 audiapet
799 1667 1072 1782 Tympanum.
1099 1665 1214 1753 Hinc
1232 1671 1260 1754 sr
1277 1669 1403 1758 client
1417 1678 1510 1764 duae

132 1780 324 1868 trochleae
341 1780 446 1870 binis
466 1777 891 1878 orbicrdisinstrustae,
905 1779 1070 1868 &sunia
1086 1811 1209 1898 caput
1224 1787 1405 1874 inferiori
1425 1819 1510 1898 tro-

132 1897 261 1986 cblcae
272 1897 562 2010 adjungeretur
572 1955 585 1996 ,
597 1893 840 2012 quintuplex
852 1895 966 1981 fieret
982 1895 1164 2013 tympani
1175 1912 1453 2007 momentum,
1466 1919 1511 1996 dc

132 2013 300 2100 vicillim
314 2012 590 2100 trochlearum
601 2038 858 2098 momentum
866 2015 1071 2128 acciperet
1080 2019 1380 2138 incrementum
1391 2026 1436 2110 in
1444 2052 1510 2112 ra·

136 2135 251 2218 tidne
271 2127 557 2216 AHadAV.
803 2151 815 2164 ’

192 2241 499 2355 Distinguenda
514 2241 606 2332 sunt
616 2243 752 2332 autem
765 2275 903 2346 onera,
913 2274 1087 2363 quorum
1097 2244 1175 2332 alia
1187 2243 1279 2334 sunt
1290 2247 1516 2350 mediocria·

139 2366 258 2460 (narn
276 2366 434 2446 minora
448 2360 570 2448 facilc
585 2357 674 2448 solis
696 2363 889 2449 trochleis
906 2361 1171 2462 attolluntur,
1190 2368 1347 2483 arrepti
1360 2369 1411 2455 ab
1429 2371 1509 2460 bo.

133 2475 314 2564 minibus
336 2475 444 2563 funis
464 2475 635 2586 dudarij
652 2481 929 2574 extremitate)
955 2477 1033 2564 alia
1055 2483 1229 2594 majora,
1249 2491 1291 2568 δι
1314 2488 1510 2598 ingentia,

132 2621 225 2710 quae
251 2588 276 2678 d
299 2587 511 2690 Vitruvio,
531 2589 687 2678 utalials
706 2593 849 2694 innui,
874 2591 1159 2682 Colofficoteta
1174 2575 1387 2692 dicuntur.
1431 2608 1511 2691 Pro

132 2706 408 2794 mediocribus
430 2706 678 2822 ponderibus
694 2711 747 2806 ad
766 2733 984 2827 operarum
1001 2738 1216 2796 numerum
1238 2718 1511 2807 minuendum
1573 2817 1576 2826 ,

135 2822 354 2910 Trochleis
375 2823 546 2938 adjungi
569 2827 702 2939 potest
734 2824 916 2922 bucula,
947 2828 1014 2908 cui
1043 2829 1376 2914 circumducatur
1399 2833 1513 2923 funis

130 2939 336 3026 dustarius
351 2975 361 3023 ι
377 2939 743 3054 compofitiscnim
765 2937 1014 3026 Rationibus
1040 2940 1196 3026 Sueulae
1216 2951 1259 3030 δι
1282 2945 1511 3040 Trocblca.

134 3045 251 3152 rum,
265 3051 441 3142 babetur
453 3058 575 3139 Ratio
589 3061 785 3140 momenti
803 3057 994 3173 potentia
1009 3055 1255 3144 auronius.
1296 3063 1340 3146 si
1357 3091 1441 3149 non
1458 3069 1513 3156 ad

130 3169 304 3256 multam
326 3167 585 3256 altitudinem
602 3169 872 3266 attollendum
886 3171 934 3254 srt
960 3171 1146 3271 Pondus,
1167 3203 1303 3288 neque
1324 3181 1514 3290 proximo

131 3289 280 3406 parieti
298 3283 457 3372 trabem
465 3286 583 3399 infigi
599 3288 814 3404 expediat,
834 3289 901 3402 cui
914 3284 1119 3372 Trochlea
1130 3289 1389 3402 adjungatur,
1404 3307 1446 3386 &
1458 3329 1515 3392 ex

129 3429 215 3516 qua
228 3401 583 3517 onusdependeat,
597 3431 649 3488 ex
662 3408 849 3517 Vetruvij
864 3399 1090 3518 praescripto
1103 3401 1240 3492 libtro.
1255 3433 1384 3520 capa.
1396 3418 1512 3529 tigna

130 3523 211 3600 tria
236 3544 430 3633 parantur
456 3516 715 3628 longitudine
755 3527 797 3604 bt
836 3517 1033 3604 soliditate
1062 3513 1343 3632 respondentia
1376 3535 1511 3618 oneris

129 3623 408 3742 magnitudini
431 3636 693 3744 &gravitatis
707 3634 795 3718 hate
811 3627 978 3746 dcapite
994 3628 1118 3718 libuli
1136 3661 1207 3718 aut
1222 3635 1388 3727 funibus
1403 3675 1508 3731 con-

128 3747 293 3857 ἱωιᾶι,
309 3752 352 3832 in
365 3751 449 3832 imo
465 3747 684 3832 divaricata
697 3748 935 3861 eriguntur,
957 3747 1067 3864 quasi
1085 3749 1128 3832 in
1147 3755 1365 3865 pyramidis
1379 3765 1508 3847 trian..
1658 3856 1664 3860 y

130 3863 283 3976 gularis
299 3861 485 3978 speciem.
530 3863 658 3979 Quod
675 3864 703 3946 sr
722 3864 932 3963 timeatur,
948 3892 1000 3948 ne
1020 3865 1066 3948 in
1079 3863 1187 3950 banc
1200 3893 1272 3951 aut
1287 3869 1396 3958 illam
1414 3901 1507 3990 pars

129 4003 218 4064 tem
246 3980 437 4066 machina
460 3976 680 4066 inclinetur
704 4039 715 4078 ,
745 3977 913 4068 funibus
940 3983 985 4062 in
1005 3979 1205 4094 capitibus
1219 3983 1444 4092 collocatis,
1463 4004 1508 4085 δι

131 4099 244 4196 circa
259 4093 454 4208 dispostis
467 4098 513 4180 in
530 4095 712 4186 adversas
732 4093 868 4209 plagas
884 4156 897 4194 ,
912 4119 1036 4209 atque
1054 4095 1243 4195 firmatis,
1260 4104 1394 4188 ereda
1408 4111 1507 4195 re'ti-

130 4237 262 4296 netur.
299 4215 349 4296 ln
364 4206 519 4318 summo
542 4271 554 4309 ,
584 4207 658 4295 ubi
681 4213 796 4323 tigna
811 4223 965 4298 co‘c'unt
979 4207 1443 4324 ,·alligaturTrochlta;
1460 4235 1504 4316 δι

127 4324 323 4424 inferius,
340 4325 411 4412 ubi
427 4321 1510 4444 commodiapplicaripollitl'otenria,exterioriduo·
1647 4421 1651 4430 ,
1719 4361 1722 4368 ’

131 4469 224 4528 rum
240 4445 448 4555 tignorum
458 4443 769 4527 divaricatorum
788 4439 906 4532 faciei
924 4442 1093 4527 firmiter
1106 4441 1329 4555 affiguntur
1347 4453 1508 4541 Chelo-

131 4555 227 4658 nia,
256 4558 337 4642 boc
362 4556 423 4642 est
436 4555 566 4644 fulcra
586 4559 772 4673 quasdam
787 4559 1007 4650 rotundum
1022 4557 1202 4652 foramen
1217 4559 1412 4653 babentia
1429 4631 1443 4668 ‚
1463 4571 1510 4660 in

130 4672 842 4792 quaeconjiciumurbuculucapitas
856 4671 1147 4766 utAxisfacilc
1162 4675 1352 4770 versetur.
1377 4687 1512 4776 Sucu-
1621 4682 1622 4686 Ν

885 4805 908 4828 ’·
1019 4789 1233 4948 θθεει
