3808 5262
292 205 295 213 Ι
378 285 481 351 202
548 285 560 296 ··
857 227 1282 350 Methanic'orum

362 394 609 492 vehiculum
625 394 843 496 onustum,
856 395 982 513 quim
995 399 1176 496 minore,
1194 401 1293 512 qaia
1304 401 1346 484 a
1357 393 1544 513 longiore
1560 403 1677 495 vene
1695 391 1765 498 (29³

267 603 298 620 ,,
363 520 487 606 cilius
509 519 690 635 pondera
714 541 956 610 moventur,
983 508 1106 626 quim
1126 512 1327 598 breviore,
1371 515 1496 633 Hoc,
1523 518 1761 638 inquarn,i

363 642 535 724 veritate
562 628 694 719 abesse
711 631 844 746 palam
869 631 960 726 fiet,
982 629 1009 712 sr
1031 631 1399 716 animadvertamus
1424 643 1651 749 potentiam
1674 669 1759 730 tra-

238 839 244 854 ,
366 755 539 841 hen-tem
558 753 694 838 medio
710 777 873 832 temone
892 743 1134 860 applicatam
1156 741 1336 845 effeaxi,
1354 751 1423 832 cui
1440 757 1667 864 pariteraxi
1689 763 1766 844 in·-

366 873 514 954 nititur
542 897 670 960 onots
693 893 815 978 atque
845 860 952 948 adeo
978 861 1066 946 tiam
1085 891 1188 944 onus
1221 863 1307 948 tiam
1339 867 1567 953 Potentiam
1594 878 1786 990 concipi·

368 985 482 1100 quast·
503 989 546 1066 in
561 987 677 1068 Rotae
693 1006 856 1076 centro,
873 981 989 1089 cujus
1009 973 1293 1062 semidiametri
1307 975 1671 1073 altetaextremitas
1683 992 1760 1103 hy-

367 1098 600 1216 pomochlij.
611 1101 809 1213 pontium
824 1094 1064 1205 designaret.
1089 1095 1218 1205 Atqui
1234 1098 1370 1180 Vtilis
1384 1157 1402 1194 ,
1415 1101 1459 1180 in
1473 1129 1557 1214 quo
1570 1109 1765 1192 Potentia-

285 1273 290 1280 ·
367 1229 411 1302 &
428 1247 533 1299 onus
547 1216 598 1300 ab
622 1209 917 1327 hypomochlio
931 1209 1105 1294 eandem
1121 1235 1195 1291 aut
1215 1209 1411 1324 aequalem
1427 1215 1659 1303 distantiam
1676 1221 1761 1307 hae

368 1331 469 1416 bent
493 1392 504 1430 ,
528 1328 671 1448 parlim
698 1355 769 1412 aut
792 1326 896 1411 nihil
916 1323 1041 1410 habet
1063 1323 1246 1408 utilitatis
1267 1323 1422 1410 :immo
1440 1333 1484 1414 in
1498 1337 1653 1433 Vedio,
1674 1337 1762 1452 quil

369 1452 492 1534 venis
513 1446 596 1546 erl,
614 1450 689 1528 tria
706 1445 856 1560 pundla
875 1439 1030 1526 diversa
1047 1441 1269 1524 tribuenda
1281 1439 1371 1524 sunt
1385 1447 1611 1548 Potentiae,
1626 1457 1765 1552 oneri,

370 1571 414 1654 δι
427 1559 739 1677 Hypomoehlio
753 1622 765 1658 ,
781 1585 825 1642 ut
839 1554 941 1642 insri
954 1617 968 1654 ,
982 1555 1053 1640 ubi
1071 1557 1124 1641 de
1137 1555 1542 1672 venensputabitur
1559 1605 1569 1646 :
1588 1571 1631 1650 in
1645 1569 1757 1655 Rotd
1831 1587 1838 1596 '

367 1707 508 1767 autem
532 1681 616 1764 duo
644 1675 928 1760 tantummodo
950 1676 1100 1786 punem
1124 1674 1428 1758 considerantur
1442 1741 1463 1776 ,1
1474 1677 1626 1766 scilicet
1652 1715 1754 1768 ten-

369 1823 482 1880 trum·
497 1805 539 1880 &
557 1793 842 1878 semidiametri
861 1794 1112 1876 extreman
1150 1794 1282 1900 Igitur
1301 1793 1345 1871 in
1370 1791 1472 1876 non
1493 1801 1600 1880 ratio
1615 1805 1764 1885 Vedio

368 1941 455 1996 non
475 1913 685 1994 invenitur
698 1970 715 2008 ,
731 1907 912 2023 idedque
925 1935 1059 2020 neque
1073 1909 1201 2019 major
1212 1908 1318 1987 Rota
1333 1912 1571 2023 accipienda
1581 1914 1639 1998 esi
1654 1945 1761 2031 qua--

368 2026 398 2109 si
421 2025 583 2139 longior
602 2029 751 2112 vetris.
798 2023 981 2110 Aliunde
1005 2029 1142 2135 itaque
1154 2021 1373 2134 petendam
1392 2022 1470 2108 else
1484 2027 1765 2129 causam-,eut

369 2143 541 2256 majores
557 2168 652 2225 rotae
664 2171 745 2256 prm
761 2137 985 2224 minonlius
1000 2165 1162 2219 motum
1171 2143 1318 2250 juvent
1329 2199 1341 2236 ,
1353 2143 1612 2229 manifestum
1623 2146 1699 2232 est,
1738 2135 1742 2150 ’

235 2357 245 2366 ,
431 2261 484 2342 Et
499 2255 676 2374 prirnltm
694 2259 884 2372 quidem,
909 2254 1020 2367 quod
1042 2254 1261 2336 admoram
1283 2253 1391 2338 illam
1410 2263 1574 2360 attinet,
1592 2253 1759 2377 qnaeex·

364 2374 539 2462 modioli
557 2377 674 2458 Rotae
685 2401 807 2486 atque
825 2377 909 2454 axis
922 2375 1017 2452 tritu
1032 2374 1180 2466 oritur,
1195 2399 1285 2451 eam
1298 2377 1496 2458 minorem
1513 2371 1595 2462 csse
1608 2385 1651 2460 in
1662 2405 1753 2464 ma-

360 2491 520 2608 joribus
536 2489 679 2589 Ratis,
699 2487 787 2573 satis
807 2483 965 2572 constit
979 2485 1035 2580 ,st
1052 2485 1305 2570 attendamus
1318 2493 1403 2572 axis
1420 2493 1626 2577 crassitiem
1639 2487 1753 2593 ,nun

363 2609 483 2696 Rotae
499 2605 775 2720 magnitudini
790 2598 1128 2718 respondeiesed
1149 2607 1280 2684 oneris
1298 2610 1498 2716 gravitati,
1512 2637 1634 2723 quam
1649 2639 1758 2727 opus.

362 2723 426 2812 est
450 2720 669 2816 sustineret
694 2746 940 2836 quapropter
956 2723 1021 2804 axi
1042 2715 1131 2802 satis
1144 2718 1278 2802 valido
1295 2749 1368 2834 pro
1388 2727 1541 2806 ratione
1560 2729 1753 2839 ponderis

364 2835 588 2923 sustinendi
606 2835 753 2952 pariam
773 2835 924 2932 refert,
942 2834 1080 2919 utrltm
1103 2837 1240 2932 Rota,
1266 2841 1381 2952 cujus
1398 2839 1495 2952 radij
1513 2839 1762 2956 bipalmareo

363 2953 465 3052 fint,
480 2983 533 3038 an
547 2948 648 3040 vero
664 2952 924 3068 tripalmares,
936 2951 1133 3063 infigatur
1149 2980 1367 3036 :manente
1382 2958 1505 3064 igitur
1516 2957 1660 3042 eodem
1672 2991 1757 3045 axe

366 3097 438 3156 aut
453 3073 604 3183 major,
627 3097 699 3153 aut
711 3073 846 3154 minor
856 3069 964 3151 Rota
975 3064 1169 3152 vehiculo
1187 3065 1326 3182 subjici
1345 3069 1492 3183 potest·
1538 3075 1617 3158 Sed
1642 3101 1753 3190 quo-

364 3185 478 3272 uiam
494 3187 603 3270 Rota
614 3189 763 3298 major,
782 3189 899 3298 cujus
910 3183 1107 3267 diameter
1119 3179 1373 3297 sesquialtera·
1385 3185 1443 3270 est
1456 3193 1756 3289 minoris,-dum

364 3302 676 3388 eonverfionem
698 3311 821 3384 unam
840 3300 1033 3414 perficit,
1071 3295 1240 3413 spatium
1260 3331 1425 3416 quoque
1451 3301 1756 3415 sesquialteram

364 3419 568 3516 decurrit,
581 3417 771 3503 eumdem
787 3445 923 3499 tamen
933 3415 1074 3512 axem,
1088 3445 1212 3529 quem
1221 3425 1355 3500 minor
1371 3421 1502 3516 Rota,
1518 3427 1633 3520 terit,
1649 3425 1751 3509 hine

367 3533 438 3632 fit,
454 3559 529 3650 per
553 3543 589 3619 8.
604 3533 673 3618 lib.
691 3532 937 3642 5feumdem
951 3535 1036 3615 axis
1047 3532 1247 3616 ambitum
1260 3535 1313 3618 ad
1329 3537 1619 3647 majorisRotae
1639 3551 1755 3654 peria

365 3679 545 3742 metrum
570 3649 678 3746 (hoc
691 3647 750 3732 est
764 3649 816 3734 ad
835 3653 925 3764 ejus
940 3653 1123 3745 motum)
1147 3653 1349 3734 minorem
1374 3649 1525 3736 habere
1551 3665 1756 3741 rationem

270 3863 277 3880 ,
368 3763 493 3882 ¹qtttlm
508 3767 559 3852 ad
573 3769 836 3882 perimetrum
855 3769 1026 3849 minoris
1044 3769 1162 3849 Rotae
1182 3767 1288 3862 (hoc
1307 3762 1430 3850 estad
1443 3769 1642 3854 minorem
1656 3801 1750 3854 mo-

298 3983 301 3990 ,
367 3887 484 3981 mm)
499 3911 623 3998 atque
638 3875 749 3967 adeo
764 3887 880 3966 tritus
894 3879 962 3964 ille
974 3881 1172 3984 modioli,
1188 3893 1231 3970 dt
1244 3885 1328 3968 axis
1340 3879 1474 3970 minias
1487 3889 1753 4002 impeditman

243 4103 246 4108 Ι
348 4001 496 4117 ¹jorem
515 4028 675 4084 motum
687 3993 812 4113 qulam
823 4001 1041 4096 nrinorem.

423 4113 618 4214 Deinde,
636 4142 683 4198 ut
698 4113 984 4229 cap.16.lib.1.
999 4113 1304 4202 subindicamm·
1322 4113 1382 4204 est
1402 4111 1580 4232 superius
1592 4123 1748 4235 ‚majo-

364 4259 427 4330 tes
452 4239 550 4317 rotae
569 4232 781 4329 efficiunt,
797 4261 844 4316 ut
865 4236 950 4316 axis
965 4239 1096 4346 magis
1111 4231 1134 4319 d
1147 4233 1252 4320 terrd
1274 4235 1418 4330 distet3
1436 4265 1484 4320 ac
1500 4239 1669 4351 proinde
1682 4266 1752 4322 te-

362 4375 454 4446 mo,
477 4353 543 4434 cui
572 4349 760 4461 alligatus
784 4348 1010 4463 estequuS‚
1032 4349 1097 4435 vel
1121 4347 1299 4468 subjedlo
1311 4351 1434 4468 plano
1452 4353 1754 4468 parallelusest,

258 4494 260 4503 ·
365 4463 436 4552 vel
453 4463 706 4555 miniminnd
723 4461 986 4580 parallelismo
1003 4469 1185 4555 recedit:
1202 4499 1254 4554 ex
1267 4499 1350 4584 quo
1367 4468 1413 4552 fit
1425 4475 1662 4555 tractionem
1678 4495 1756 4555 aut

237 4679 241 4686 ³
362 4579 597 4698 parallelam
612 4575 715 4680 esse,
734 4611 806 4667 aut
817 4579 954 4668 saltem
968 4584 1107 4672 minias
1120 4585 1349 4704 obliquam,
1365 4617 1487 4700 quam
1506 4587 1532 4671 fi
1548 4591 1657 4670 Rota
1672 4589 1751 4669 rni-

362 4723 441 4792 ttor
457 4691 583 4810 esset,
606 4688 752 4797 &taxis
768 4699 985 4820 depreffior
1006 4739 1018 4793 t
1040 4697 1130 4824 qud
1150 4731 1290 4798 autem
1310 4708 1448 4810 minor
1468 4703 1530 4792 est
1543 4705 1755 4786 trastioniu

688 4849 707 4935 χ
1516 4817 1753 4936 obliquitas,

705 4942 710 4983 l

709 4990 767 5235 q
