3794 5270
456 224 610 340 Liber
613 222 875 382 septimus.
908 230 1131 346 CAPuT
1160 235 1265 347 Xl·
1434 276 1537 376 735

157 395 289 482 saltus
305 387 418 478 fallit.
465 391 1153 507 Qantumaureminmotuvaleat
1172 387 1541 480 diredlionedcom-
1638 491 1640 496 ,

168 505 533 604 miscere,altemm
544 505 672 590 centri
685 510 857 604 tedam,
874 505 1037 590 alteram
1050 505 1290 619 peripheria
1308 509 1543 596 circularem

170 626 240 713 sed
258 623 500 740 oppositam,
520 617 609 704 satis
628 614 797 721 norbnt,
816 626 887 737 qui
911 621 1135 707 minoribus
1150 621 1343 709 orbiculis
1356 623 1542 712 ludentes

171 741 339 856 globum
351 739 460 851 quasi
475 738 725 852 pendentem
743 767 794 822 ex
808 765 1107 838 manutenent,
1123 737 1303 854 dquue
1318 739 1430 825 illum
1444 771 1540 856 pro·

166 862 329 970 jiciunt,
342 883 466 938 manu
477 857 515 938 ei
526 880 683 942 motum
697 851 934 937 circularem
945 852 1388 950 communicantrunde
1400 849 1540 957 oritur,

4 985 14 1066 ,³
108 989 110 992 ’
169 972 282 1087 quod
296 1031 308 1068 ,
324 967 395 1052 ubi
410 997 555 1059 terram
571 967 715 1083 globus
727 973 931 1082 attigerit,
947 967 1010 1070 vel
1026 969 1124 1052 sistit
1136 967 1196 1068 se,
1211 969 1418 1054 srdirestio
1431 979 1541 1086 peri-

60 1133 65 1145 ·
169 1088 321 1202 pheriae
346 1084 397 1168 ud
415 1097 575 1168 motum
590 1082 827 1172 circularem
850 1082 909 1168 est
930 1082 1282 1198 aequalisgdiredlio
1314 1087 1473 1172 icentri
1490 1087 1543 1172 ad

167 1229 327 1288 motum
345 1201 498 1286 redium
508 1232 519 1290 ς
537 1197 602 1282 vel
625 1197 776 1284 tardilrs
788 1228 1074 1313 promovetur,
1091 1197 1212 1314 quim
1228 1201 1255 1282 sr
1273 1115 1393 1286 liilam
1411 1208 1541 1286 centri

168 1319 433 1404 directionem
450 1311 638 1411 haberet,
650 1341 771 1426 prout
782 1317 950 1400 diredlio
964 1318 1091 1398 centri
1111 1314 1307 1423 majorell
1321 1317 1544 1402 diredlione

2 1457 14 1508 .·
128 1455 131 1460 ’
168 1427 522 1548 peripheriae,quae
539 1457 633 1514 cum
650 1427 1544 1546 primbmrerramartingit,aptacll-subcon-

171 1549 352 1633 versrooe
369 1545 573 1642 retrahere
588 1571 772 1627 centrum
787 1541 921 1629 verslrs
933 1543 1226 1658 projicientem.

229 1657 577 1775 Quandoquidem
595 1653 695 1740 verb
719 1663 762 1742 in
779 1657 944 1744 ludicris
964 1655 1318 1772 philosophamur,
1333 1653 1452 1742 liceat
1471 1657 1540 1744 hic

169 1759 381 1888 tiulgarem
395 1801 568 1856 errorem
579 1771 1122 1886 retegeresquandoscilicet
1133 1777 1352 1860 rotundum
1363 1775 1541 1860 verticil÷

171 1890 257 1976 lum
275 1882 480 2003 impressus
489 1887 664 2002 impetus
675 1894 718 1972 in
732 1916 877 2002 gyrum
890 1892 987 2000 agit,
1001 1887 1256 1979 siverticillus
1274 1916 1446 1986 corruat,
1457 1920 1542 1972 mo·

171 2033 309 2101 vetur,
325 2004 460 2116 quoad
479 2008 652 2117 impetus
666 2001 1033 2116 extinguatur‚sed
1047 2009 1104 2086 ita
1120 2031 1165 2086 ut
1176 2005 1359 2087 videatur
1373 2009 1542 2088 omnino

168 2121 215 2204 in
225 2123 441 2202 contrarias
453 2145 582 2233 partes
593 2121 658 2228 agi
667 2137 681 2214 ⁴,
691 2148 738 2202 ac
751 2117 881 2233 prilis:
897 2120 940 2202 id
954 2121 1064 2232 quod
1076 2118 1346 2203 communiter
1358 2112 1545 2202 tribuunt
1569 2123 1572 2132 ’
1589 2135 1592 2142 “

171 2231 380 2320 reflexioni
393 2293 404 2329 ,
419 2237 514 2346 quia
526 2236 570 2315 in
591 2235 869 2346 pavimentum
883 2233 1040 2332 recidit.
1083 2233 1252 2318 Nullam
1270 2231 1337 2317 hlc
1354 2231 1538 2317 reflexio-

171 2381 269 2438 nem
291 2349 540 2432 intercedere
562 2404 573 2444 ,
599 2357 641 2434 dt
659 2349 832 2432 eandem
850 2376 1083 2462 permanere
1110 2343 1243 2448 morsis
1265 2348 1544 2445 dirodionem

173 2468 341 2550 memini
366 2461 673 2576 mealiquando
697 2459 933 2549 asserentem
953 2461 1087 2550 'visum
1113 2457 1227 2547 fuisse
1244 2455 1446 2576 pluribus,
1470 2463 1543 2579 qui

166 2583 354 2684 aderant,
366 2577 611 2691 paradoxum
624 2575 735 2688 loqui
754 2613 762 2659 :
784 2577 849 2662 sed
868 2577 935 2663 ubi
952 2584 1143 2682 internos
1158 2583 1349 2662 convenit
1367 2581 1543 2664 eundem

169 2723 332 2782 motum
344 2687 437 2784 elle,
453 2689 752 2804 quandincircd
768 2723 885 2776 axem
896 2697 956 2800 ita
968 2696 1014 2780 lit
1027 2691 1276 2790 convolutio,
1296 2725 1339 2794 ut
1351 2723 1439 2808 qua
1449 2723 1542 2806 para

173 2801 481 2922 tesqperipheriae
494 2805 680 2888 verticilli
694 2806 974 2918 praecedebant
985 2840 1059 2894 axe
1073 2806 1289 2905 insistente,
1300 2809 1450 2892 eaedem
1467 2837 1542 2891 axe
1598 2817 1605 2897 ζ

172 2925 371 3008 inclinato
391 2930 431 3008 δι
453 2918 748 3031 proctunbente
762 2923 990 3034 praecedant
1001 2959 1012 3017 5
1032 2925 1118 3030 jussi
1137 2921 1288 3036 aliquas
1304 2949 1416 3004 notas
1431 2927 1540 3036 peri-

172 3040 324 3154 pberiae
339 3039 528 3148 imprimi,
543 3063 588 3120 ut
596 3041 745 3146 priores
757 3040 779 3120 al
792 3034 1075 3150 posterioribus
1089 3033 1261 3122 discerni
1277 3033 1431 3149 possent
1442 3070 1455 3130 5
1467 3038 1542 3120 de·

172 3156 270 3238 inde
283 3149 479 3234 verticillo
499 3177 734 3248 corruente,
750 3151 1095 3264 &procumbente
1111 3149 1361 3236 observatum
1373 3149 1432 3235 est
1451 3175 1544 3260 par-

174 3297 258 3363 tes,
274 3295 362 3375 quae
381 3267 529 3376 priores
546 3292 660 3346 erant
675 3267 718 3346 in
732 3269 988 3366 circuitione,
999 3264 1155 3351 easdem
1172 3261 1340 3348 subinde
1356 3265 1472 3350 altilis
1483 3295 1543 3348 at·

1 3378 22 3398 '⁴
97 3405 100 3408 ’
173 3379 301 3468 tollii
325 3383 577 3492 pavimento,
593 3406 716 3490 atque
742 3385 849 3462 circa
868 3409 985 3464 axem
1012 3382 1184 3464 eandem
1204 3378 1291 3462 fieri
1314 3382 1542 3464 conversro-

1 3496 3 3512 '
174 3527 296 3580 nem:
319 3507 359 3580 bc
380 3490 475 3606 quia
492 3489 677 3575 verticilli
699 3495 900 3607 pesquasr
929 3524 1115 3577 centrum
1134 3497 1280 3577 retinet
1310 3493 1542 3608 inclinatam
1644 3511 1646 3519 '

172 3610 444 3727 peripheriam
457 3667 471 3702 ,
485 3606 553 3690 illa
575 3609 716 3692 eadem
734 3609 941 3691 conversio
968 3613 1075 3702 circa
1094 3637 1210 3692 axem
1230 3607 1349 3704 facit,
1367 3638 1412 3690 ut
1430 3615 1542 3720 peri-'

164 3723 317 3842 ‚pheria
329 3719 548 3807 seeundum
563 3721 798 3834 posteriores
808 3749 940 3834 partes
956 3721 1124 3808 subinde
1137 3727 1308 3833 attingat
1323 3720 1541 3829 subjesturn

171 3839 388 3934 alveolum,
399 3835 588 3951 adebque
601 3835 755 3920 ratione
768 3837 906 3921 habiti
918 3838 1060 3922 alveoli
1079 3836 1314 3938 videaturin
1327 3842 1543 3922 contrarias

172 3983 305 4070 partes
325 3951 419 4037 ferri
434 3981 480 4036 ac
502 3952 621 4065 pribs.
657 3957 797 4067 Qare
809 3952 902 4038 clim
920 3954 1030 4038 nulla
1044 3955 1091 4038 sit
1110 3983 1214 4037 nova
1228 3945 1359 4036 morsis
1374 3953 1544 4036 diredlio

172 4102 224 4156 ex
241 4070 350 4184 plani
368 4068 639 4180 oppositione,
653 4069 763 4151 nulla
775 4097 938 4182 quoquc
954 4069 1010 4152 est
1028 4065 1206 4152 reflexio.

236 4192 292 4272 At
313 4183 338 4266 sr
358 4184 442 4266 duo
470 4211 636 4296 corpora
660 4183 732 4268 srbi
755 4181 933 4268 invicem
953 4212 1191 4280 occurrant,
1209 4180 1280 4264 sibi
1303 4199 1447 4264 mutuo
1463 4178 1540 4266 ob-

174 4299 339 4394 fistunt,
360 4295 620 4384 &diminuto
639 4308 690 4388 ex
705 4298 922 4384 refistentid
936 4307 1088 4415 impetu
1105 4297 1272 4411 ‚siquid
1289 4297 1424 4387 adhuc
1445 4297 1549 4414 resr7-

174 4418 303 4502 duum
323 4409 446 4498 fuerit
470 4409 672 4525 imperils,
695 4419 765 4526 qui
785 4420 954 4502 excedat
980 4417 1137 4508 insitam
1160 4409 1468 4527 repugnantiam
1490 4437 1541 4496 ex

175 4534 372 4643 gravitate
382 4553 532 4624 ortam,
551 4529 597 4612 fit
614 4527 804 4628 reflexio,
828 4561 898 4614 aur
910 4532 1070 4615 alterius
1087 4527 1266 4626 tantiam,
1288 4527 1371 4610 siin
1387 4524 1544 4638 reliquo

174 4655 349 4761 impetus
368 4641 712 4743 obtundaturmut
729 4643 949 4762 utriusque,
962 4647 989 4732 fi
1002 4626 1154 4733 fuerint
1167 4643 1238 4730 sibi
1250 4645 1429 4730 invicem
1448 4651 1541 4763 perr
1607 4761 1609 4768 Ι

280 4798 284 4811 ·
505 4807 510 4817 =
1385 4780 1544 4840 currens
