3918 5262
319 129 323 140 .
460 93 463 101 '
610 81 637 140 s

343 204 415 306 60..
807 173 1244 294 Methanicurum·

346 347 453 439 intrd
469 346 572 434 illud
585 342 776 462 spatium,
800 372 847 427 ac
868 373 911 426 1n
928 371 977 426 ea
995 340 1235 441 altitudine,
1253 341 1324 430 ubi
1339 341 1731 461 perpendiculorum

350 469 641 577 eonvergentia
665 455 771 544 aded
792 461 942 572 exigua
958 457 1048 557 est,
1075 487 1120 542 ut
1142 458 1367 546 evanescat.
1412 459 1621 546 Caeterltm
1638 461 1728 548 satis

349 585 453 670 mihi
483 581 624 665 videor
650 569 863 662 ostendiffc
884 573 970 658 ficri
999 568 1146 687 polle,
1187 603 1231 658 ut
1267 575 1395 664 clivus
1422 577 1568 692 aliquis
1595 578 1729 693 plures

262 698 268 710 ’
350 699 563 786 structuras
577 697 756 808 recipere
785 691 923 806 pouit,
940 693 1064 804 qudm
1086 687 1315 803 superficies
1329 692 1521 809 sphaerica
1541 693 1654 802 globi
1668 695 1738 786 illi,

350 812 606 930 respondens.
638 815 679 892 Si
700 811 813 893 enim
831 807 975 890 eadem
999 806 1059 892 eli
1074 803 1250 921 semper,
1271 813 1598 926 utl'upponitur,
1619 810 1732 924 plani

350 932 585 1026 inclinatio,
601 929 723 1010 etiam
741 921 866 1006 latera
880 925 1077 1021 turrium,
1098 924 1164 1008 vel
1178 925 1395 1010 ἀοιιιοωιῃ
1416 928 1586 1040 parietes
1610 926 1731 1042 mque

351 1052 529 1134 invicem
544 1047 688 1127 remoti
714 1037 1159 1154 intercipientaequales
1180 1068 1311 1156 partes
1334 1041 1443 1157 plani
1457 1039 1642 1126 inclinati
1660 1079 1671 1126 a
1689 1047 1732 1128 Si

243 1211 246 1218 ·
349 1192 451 1276 ergo
465 1161 660 1245 strustura
676 1158 938 1270 intercipiens
954 1147 1149 1242 semillem
1162 1156 1271 1270 plani
1299 1160 1380 1244 ΑΕ
1413 1156 1673 1242 transferatur
1685 1163 1732 1242 in

351 1284 453 1376 EF,
478 1273 674 1390 aqualem
697 1298 851 1385 partem
880 1273 1109 1386 intercipiet
1130 1303 1141 1363 r
1169 1300 1211 1354 at
1233 1273 1322 1360 haec
1343 1277 1479 1358 minor
1502 1272 1562 1380 est
1580 1268 1732 1358 semisse

353 1395 555 1510 ipsrusEF
569 1451 580 1490 ,
594 1387 819 1502 igiturduae
831 1383 1035 1468 structure
1049 1413 1297 1499 occupantes
1309 1415 1441 1474 totum
1455 1386 1622 1500 planum
1635 1393 1672 1476 A
1683 1392 1734 1488 E,

353 1507 549 1596 transsatae
570 1510 614 1589 in
633 1507 705 1590 EF
729 1499 885 1614 equale
905 1497 1076 1614 spatium
1096 1502 1358 1616 occupabunt
1384 1565 1395 1602 ,
1431 1515 1474 1590 dt
1499 1503 1734 1622 relinquent

216 1732 220 1740 Ι
354 1626 493 1712 adhuc
512 1646 670 1736 partem
690 1615 802 1732 spatij
819 1620 993 1700 inanem.
1038 1611 1127 1702 Effe
1142 1643 1279 1706 autern
1292 1623 1361 1706 EF
1377 1620 1526 1710 limam
1537 1625 1736 1736 ntajorem

354 1743 465 1828 linea
495 1745 532 1822 A
547 1739 578 1818 li
611 1762 722 1850 patet
738 1766 750 1826 5
774 1735 870 1847 quia
892 1729 1095 1842 triangula
1117 1738 1159 1818 A
1172 1735 1261 1818 HE
1285 1797 1297 1832 ‚
1323 1737 1452 1820 EHF
1476 1709 1735 1849 aelluiangula

356 1855 469 1953 sunt,
484 1850 665 1940 &latera
679 1847 833 1932 habent
850 1849 1186 1962 proportionalia,
1199 1847 1444 1965 adedqueut
1458 1853 1551 1938 ΑΗ
1565 1853 1672 1936 adH
1685 1855 1736 1950 Ε,

357 1977 414 2063 ita
434 1971 510 2054 ΑΕ
525 1969 577 2052 ad
592 1969 662 2052 EF
677 1999 689 2059 3
708 1967 821 2077 atqui
840 1964 931 2048 HE
959 1967 1122 2050 excedit
1133 1963 1285 2050 lineam
1304 1968 1399 2050 HA
1415 1999 1427 2058 ς
1444 1969 1571 2075 igitur
1594 1978 1635 2054 δι
1658 1969 1733 2056 EF

357 2091 488 2199 major
507 2081 567 2168 est
587 2077 712 2198 qualm
736 2079 815 2162 ΑΕ
833 2115 842 2160 z
862 2105 962 2191 ergo
984 2079 1115 2179 multo
1132 2083 1260 2195 major
1275 2085 1352 2166 erit
1369 2079 1596 2195 superficies
1613 2084 1735 2198 iplius
1765 2145 1767 2150 -

359 2205 458 2300 EF,
477 2194 601 2314 qudnt
619 2193 848 2311 superficies
864 2193 999 2288 similis
1011 2197 1132 2311 ipsius
1152 2201 1246 2282 ΑΕ.
1276 2201 1326 2282 ln
1340 2193 1464 2311 spatio
1481 2201 1628 2308 igitur,
1651 2229 1736 2312 quo

358 2315 590 2432 superficies
613 2316 684 2400 EF
711 2309 875 2396 excedit
891 2306 1144 2426 superficiem
1162 2315 1239 2400 ΑΕ
1253 2373 1271 2418 a
1287 2320 1436 2430 poterit
1449 2311 1526 2400 alia
1540 2341 1735 2430 proterea

209 2439 213 2446 ’
360 2431 557 2518 struclura
573 2431 753 2516 excitari.

360 3115 627 3276 -Qomodo
657 3111 951 3228 animalium
980 3149 1137 3229 motus
1168 3119 1459 3230 ordinentur
1485 3158 1551 3228 ex
1574 3151 1738 3232 centro

906 3289 1205 3428 gravitatis.

132 3583 136 3590 ’
481 3585 529 3666 Ei
556 3581 791 3701 sapientiam
805 3604 1017 3693 nunquam
1029 3573 1118 3666 Aris
1133 3580 1319 3671 admirari
1338 3573 1568 3693 poffumus,
1588 3613 1679 3698 quae
1694 3588 1738 3670 in
1851 3623 1857 3632 ·

223 3706 225 3714 ’
369 3591 715 3807 Dordinandis
737 3721 887 3782 naturae
910 3693 1087 3780 motibus
1113 3697 1250 3782 elucet
1272 3728 1284 3788 5
1310 3697 1497 3781 animalia
1520 3701 1632 3782 enim
1657 3699 1741 3784 solo

368 3843 523 3904 naturae
535 3816 662 3900 dudlu
673 3807 779 3900 aded
792 3806 984 3894 accurate
1004 3807 1041 3894 se
1056 3810 1139 3927 ipsa
1156 3812 1296 3896 slstunt
1311 3815 1354 3894 in
1375 3812 1740 3914 lineadireuionis,

272 4002 278 4016 .
370 3960 419 4020 ut
443 3959 566 4024 nemo
590 3930 901 4016 mathematicus
927 3928 1170 4035 Geometriae
1189 3933 1323 4042 apices
1342 3923 1611 4038 perscrutatus
1630 3933 1744 4045 pofftt

371 4078 389 4132 t
467 4043 664 4134 fitbtiliter
672 4042 1002 4160 deprehendere,
1016 4073 1064 4127 ac
1077 4042 1506 4156 brevilfimo‘temporis
1518 4073 1742 4146 momentu,

370 4191 421 4250 cc
452 4191 561 4248 trum
579 4165 794 4274 gravitatis.
887 4158 1191 4274 uandoquid‘om
1213 4157 1293 4244 five
1308 4158 1742 4279 confistentiumquie-

369 4307 476 4376 tem,
487 4277 570 4362 swa
583 4278 854 4390 gradientium
863 4303 1042 4373 motum,
1058 4275 1141 4364 sure
1159 4273 1442 4362 reclinantium
1453 4273 1491 4360 se
1505 4275 1744 4366 seinflexio-

372 4393 726 4491 nemconsrdercs‚
739 4395 881 4476 miram
896 4419 1048 4474 naturae
1062 4419 1191 4474 artem
1210 4391 1427 4504 intelliges,
1442 4389 1523 4506 qud
1539 4399 1745 4508 praecavit,

357 4500 426 4598 ''ne
437 4541 507 4594 cor
565 4539 582 4590 s
598 4507 779 4622 ingenittl
795 4509 992 4618 gravitate
1007 4505 1189 4592 delatum
1206 4535 1382 4623 praeceps
1398 4510 1575 4594 caderet.
1601 4513 1648 4596 ld
1663 4541 1741 4594 au-

371 4536 641 4716 remalleluta
651 4623 711 4710 est
719 4649 852 4711 motus
864 4629 922 4712 ita
935 4617 1258 4736 disponendmut
1272 4622 1619 4714 lineadireaionis
1632 4655 1743 4712 nun-

1617 4773 1741 4856 quam
1845 4833 1848 4840 Δ
