3798 5264
351 234 460 332 214
703 322 706 331 ¹
836 189 1258 308 Mechanicorum

351 357 443 443 liter
461 350 651 468 angulata
663 347 722 438 est
735 350 906 469 utraque
930 353 1051 454 basis,
1070 354 1193 442 sedin
1206 361 1347 472 rnajori
1374 367 1504 474 major
1517 365 1575 455 est
1596 401 1729 490 angu-

354 473 440 570 lus,
458 475 502 554 in
528 473 675 553 minori
694 464 855 570 minor,
879 500 1002 588 atque
1019 469 1125 562 adeo
1151 472 1218 560 ille
1237 482 1391 590 magis,
1420 477 1542 596 quim
1564 491 1659 589 hit,
1680 493 1731 576 ad

354 587 647 676 rotunditatem
659 587 833 672 accedit.
874 593 922 671 In
939 594 1079 702 majori
1097 619 1233 676 autem
1252 595 1406 678 circulo
1423 601 1644 712 angulum,
1659 613 1732 721 qui

353 705 625 823 peripheriam
641 701 943 819 comploditur,
959 710 1154 820 majorem
1168 705 1247 792 effe
1265 708 1396 825 palam
1408 712 1491 814 est,
1512 723 1608 831 quia
1623 723 1731 810 idern

352 815 535 907 excelsus
549 824 689 936 majori
709 822 842 904 Radio
858 821 1018 908 additus
1037 822 1248 908 constituit
1270 824 1469 914 secantem
1488 835 1627 946 anguli
1651 844 1730 922 mi-

355 945 488 1035 noris,
505 930 639 1050 ‘quim
659 935 687 1018 sr
707 939 854 1022 minori
875 939 1009 1024 Radio
1030 939 1202 1024 addatur
1222 975 1233 1036 3
1258 972 1306 1026 ac
1323 971 1535 1061 propterea
1558 955 1732 1064 angulus

356 1053 657 1168 Cornplementi
672 1058 799 1167 major
812 1051 872 1138 est
888 1057 932 1138 in
952 1060 1118 1172 majori,
1143 1053 1265 1170 quim
1281 1062 1324 1142 in
1342 1066 1501 1146 minori.
1544 1069 1590 1150 Id
1607 1075 1734 1182 quod,

353 1167 656 1288 persequidcm
676 1165 766 1256 satis
781 1167 957 1276 clarum,
976 1173 1194 1263 dilucidius
1213 1172 1507 1290 explicabitur,
1538 1181 1566 1268 sr
1587 1214 1636 1274 ex
1651 1193 1731 1274 mi.

1033 1310 1131 1376 nore
1142 1291 1295 1402 circulo
1310 1321 1421 1376 extet
1435 1298 1644 1409 particula,
1661 1335 1734 1389 cn·

1031 1403 1092 1514 jus
1109 1403 1282 1492 altitudo
1299 1407 1346 1490 stt
1366 1412 1406 1494 O
1421 1415 1465 1498 N
1479 1473 1491 1511 ,
1509 1442 1560 1500 ex
1578 1420 1733 1528 majore

1031 1546 1170 1605 autern
1200 1522 1354 1610 circulo
1373 1525 1537 1640 aqualis
1558 1529 1732 1620 altitudo

1033 1639 1212 1724 emineat
1240 1639 1332 1722 IM.
1369 1643 1731 1760 DudisTangen-

1034 1751 1142 1840 tibus
1161 1764 1202 1840 δι
1218 1755 1359 1840 Radiis
1373 1817 1384 1856 ,
1398 1787 1558 1844 cerrum
1578 1763 1637 1846 est
1657 1771 1730 1850 Se-

1031 1872 1160 1952 cantis
1176 1865 1379 1954 excelsum
1398 1877 1439 1956 O
1451 1879 1496 1966 N
1513 1873 1626 1996 supra
1643 1883 1730 1965 Ra.

1028 1985 1147 2068 dium
1182 1983 1272 2074 LO
1303 1991 1539 2090 minorem,
1578 1995 1732 2084 habere

1029 2103 1224 2214 majorem
1263 2105 1481 2190 Rationem
1516 2110 1568 2198 ad
1614 2107 1732 2202 suum

1029 2216 1236 2316 Radium,
1256 2213 1380 2332 quim
1400 2221 1549 2310 habeat
1567 2227 1735 2340 aqualis

1029 2325 1209 2416 excelsus
1236 2335 1317 2418 IM
1336 2336 1388 2422 ad
1412 2333 1526 2428 suurn
1551 2343 1733 2438 Radiurn

867 2533 874 2544 ,
1029 2445 1091 2531 LI
1108 2452 1304 2561 majorem
1319 2481 1369 2538 ex
1388 2453 1546 2566 8.lib.5.
1570 2457 1733 2574 Estigi·

353 2591 419 2650 tut
451 2561 585 2650 MLP
612 2559 785 2676 angulus
808 2561 942 2646 minor
956 2559 1112 2672 angulo
1129 2567 1172 2648 N
1185 2566 1279 2662 LS,
1309 2573 1349 2654 &
1370 2569 1735 2688 Complementum

354 2683 496 2766 LMP
526 2679 655 2788 majus
684 2676 745 2762 est
769 2675 1083 2790 Complemento
1115 2680 1240 2766 LNS
1269 2710 1393 2794 quare
1421 2715 1528 2772 totus
1557 2693 1734 2801 angulus

355 2794 498 2882 VMP
519 2791 721 2905 majorest
738 2821 824 2876 toto
835 2791 988 2910 angulo
1015 2796 1112 2884 TN
1122 2797 1146 2882 S
1161 2857 1173 2896 ,
1189 2825 1237 2882 ac
1259 2801 1429 2918 proinde
1447 2807 1577 2920 magis
1588 2809 1641 2924 ad
1661 2839 1732 2892 ro.

356 2911 602 2998 tunditatem
617 2909 803 3000 accedit·

785 3301 1151 3416 CAPUT
1230 3306 1366 3426 Χ..

421 3551 725 3674 Circulorum
745 3551 1165 3673 Contentricornm
1188 3587 1344 3672 matur
1364 3555 1664 3714 explicatur.

460 3835 582 3924 ltculi
597 3861 756 3932 moun,
780 3829 834 3920 ob
860 3834 904 3922 id
917 3829 1049 3949 ipfirm
1069 3839 1165 3952 quia
1186 3831 1361 3920 circulus
1379 3831 1466 3933 est,
1489 3839 1596 3925 cirea
1614 3833 1735 3930 snum
1885 3853 1886 3866 '

461 3981 648 4042 centrum
666 3949 875 4068 perficitur
891 3953 940 4036 el
964 3957 1119 4040 ratione
1143 4015 1155 4054 ,
1179 3977 1226 4036 ut
1247 3947 1467 4066 superiores
1468 3980 1614 4154 sfaites
1634 3985 1734 4068 pro.
1884 4037 1885 4046 Ν

356 4073 626 4187 grediantur,
667 4065 878 4154 inferiores
903 4071 1191 4166 retrocedant,
1219 4072 1439 4158 anteriores
1497 4067 1732 4174 escendant,

356 4187 595 4304 posteriores
617 4181 861 4284 ascendant,
888 4181 1038 4277 servati
1059 4184 1213 4300 semper
1229 4186 1314 4300 pari
1339 4185 1611 4300 oppositorum
1614 4215 1733 4386 ‘lm‘
1883 4207 1884 4240 l

231 4287 238 4294 ’
357 4299 515 4418 gresslrs
537 4331 661 4418 atque
680 4299 902 4414 regressus,
922 4297 1136 4388 descenslls
1157 4327 1279 4416 atque
1307 4297 1495 4392 ascenstis
1516 4330 1612 4388 rnen

357 4447 432 4538 pro
455 4445 501 4502 ut
528 4421 752 4534 unicuique
776 4447 862 4508 tem
883 4419 947 4504 vel
967 4417 1111 4509 leviter
1130 4417 1398 4502 conlideranti
1416 4445 1538 4534 pater.
1634 4446 1733 4504 uate

1629 4299 1731 4402 urit
1882 4387 1883 4400 ,

354 4535 456 4618 dum
468 4536 513 4616 in
527 4562 674 4649 gyrum
686 4535 859 4622 circulus
870 4539 1028 4648 agitur,
1049 4561 1236 4618 centrum
1258 4535 1606 4645 quidem-manet,
1632 4531 1731 4616 reli·
1881 4557 1882 4562 ‘

354 4677 445 4766 quac
470 4645 569 4736 verd
586 4679 720 4768 partes
734 4655 791 4739 ita
807 4649 972 4768 singula
991 4681 1043 4742 ex
1063 4649 1144 4740 alio
1164 4654 1207 4734 in
1225 4647 1350 4740 alium
1368 4648 1508 4742 locum
1526 4649 1602 4742 sibi
1618 4653 1731 4731 invi·
1879 4719 1881 4724 ,

757 4797 763 4804 ’
1633 4792 1729 4854 cem
