3834 5272
535 153 900 274 Libertertiur.
930 163 1158 279 Chl‘uT
1181 170 1252 276 X.
1473 207 1575 312 «aeq

199 343 300 408 nam
315 309 344 398 ii
359 339 513 438 novum
529 318 836 434 aequipondium
849 321 896 406 stt
911 319 1079 420 bilibre,
1099 349 1185 408 non
1207 319 1406 410 indicabit
1430 306 1578 416 nume·

197 467 292 526 rum
304 432 502 544 dilparem
520 431 715 520 librarum
728 437 917 550 ponderis
927 443 972 524 in
983 437 1273 554 punirislibras
1290 442 1579 532 denotantibus

200 561 213 652 l
229 550 298 638 l'ed
318 547 569 634 solummodo
585 553 630 634 in
640 557 801 666 putretis
818 550 1073 650 selibrarum)
1087 553 1151 638 vel
1167 553 1304 642 saltem
1316 557 1488 676 singulas
1502 593 1578 647 un·

195 674 282 754 cias
302 695 387 750 non
405 665 627 765 indicabit,
644 671 740 784 quia
752 699 892 758 omnes
908 675 1065 758 numeri
1082 668 1125 754 in
1144 669 1282 760 litteral
1297 681 1428 765 notati
1441 675 1577 792 dupli·

198 785 323 869 candi
341 775 493 867 client:
517 781 696 870 similiter
711 785 934 874 dicendum
954 789 1008 875 de
1021 789 1282 906 aequipondio
1302 789 1475 906 triplici,
1494 825 1578 910 quo

192 901 387 986 adhibito
397 927 539 982 omnes
554 898 713 986 numeri
728 901 961 1018 triplicandi
974 899 1112 990 allent.
1583 905 1584 908 ‘

256 1023 500 1132 Propterea,
522 1043 567 1098 ut
577 1019 677 1102 huic
690 1022 952 1108 incommodo
968 1043 1223 1122 occurratur,
1242 1024 1461 1125 retineatur
1470 1027 1576 1114 anti-
1670 1057 1672 1064 ’

132 1153 136 1163 ·
189 1163 329 1250 quum
347 1132 652 1245 oquipondium
676 1133 721 1220 in
736 1139 840 1249 jugo
862 1137 1041 1238 staterae,
1060 1137 1128 1224 sed
1144 1139 1259 1226 suntal
1275 1169 1430 1238 novum
1444 1147 1573 1258 atqui.-

192 1251 401 1366 pondium
423 1251 464 1330 in
480 1245 574 1360 jugi
588 1257 841 1338 extremitate
855 1281 1081 1369 apponatur
1095 1253 1290 1370 duplum,
1311 1255 1376 1340 vel
1395 1258 1575 1372 triplum,
1635 1357 1648 1368 ,

196 1364 268 1452 vel
282 1365 554 1479 quadruplum
572 1371 731 1482 antiqui
752 1371 1022 1484 aequipondij‚
1043 1398 1164 1484 prout
1187 1371 1373 1488 proxime
1399 1378 1574 1490 requiri»
1694 1453 1698 1458 .

195 1509 267 1565 tur
291 1482 342 1564 ad
363 1479 651 1594 explorandam
667 1483 753 1568 dati
776 1490 912 1571 oneris
942 1493 1182 1598 gravitatem
1206 1523 1219 1584 3
1246 1488 1335 1575 tiam
1358 1494 1575 1604 antiquum

194 1596 507 1712 aeqtupondium
532 1601 576 1694 in
603 1603 706 1714 jugo
732 1599 883 1686 staterae
908 1603 1172 1688 admoveatur
1202 1602 1266 1694 vel
1295 1633 1575 1709 removeatur,

194 1739 400 1830 quatenus
414 1741 515 1828 opus
537 1715 661 1800 fuerit
675 1717 725 1800 ad
742 1716 1013 1832 aequilibrium
1031 1717 1375 1816 constituendum.
1418 1722 1573 1806 Namsr

193 1857 389 1919 nunrerus
402 1831 596 1920 librarum
610 1835 705 1914 novi
721 1834 966 1950 aequipondij
984 1834 1158 1920 ducatur
1170 1863 1243 1949 per
1253 1865 1470 1920 numerum
1486 1867 1573 1920 om·

195 1943 541 2047 niumlibrarmfi,
555 1976 653 2062 quas
665 1945 769 2033 ferre
784 1947 915 2062 potest
927 1947 1095 2048 statera,
1112 1949 1295 2064 huicque
1308 1953 1481 2038 addatur
1495 1983 1573 2047 nu·

191 2091 333 2150 merus
352 2063 403 2147 ab
422 2067 591 2178 antiquo
606 2064 865 2178 aequipondio
881 2064 1081 2165 indicatus
1096 2057 1127 2164 ,¹¹
1129 2063 1348 2152 habebitur
1367 2063 1448 2181 ipsa
1465 2094 1572 2180 pon-

194 2174 304 2266 deris
327 2177 531 2290 gravitas,
558 2203 648 2292 qua
667 2181 896 2292 inquiritur.
941 2183 1194 2294 Proponatur
1219 2183 1379 2297 pondus
1405 2181 1574 2296 aliquod

196 2298 405 2406 gravitatis
426 2300 598 2410 ignota,
616 2295 727 2408 quod
743 2292 893 2378 staterae
908 2293 1015 2380 lanei
1028 2299 1280 2412 imponatur,
1305 2309 1345 2386 ὃς
1360 2303 1572 2413 aequipon-

195 2413 314 2498 dium
338 2413 554 2526 antiquum
582 2439 629 2493 ac
651 2411 859 2522 proprium
883 2407 1034 2496 statera
1061 2415 1105 2495 in
1129 2419 1381 2498 extremitate
1399 2415 1573 2526 positum

194 2555 283 2612 non
301 2525 430 2610 valeat
449 2525 607 2642 pondus
623 2526 781 2608 elevare
794 2526 845 2610 ad
859 2525 1128 2638 aequilibrium
1146 2566 1157 2620 t
1175 2529 1345 2614 addatur
1359 2535 1571 2642 aquipon-

146 2637 150 2642 ’
193 2642 313 2726 dium
330 2641 524 2754 duplum,
546 2643 625 2726 hoc
645 2640 782 2725 adhuc
797 2643 927 2756 impar
944 2641 1025 2738 esta
1046 2644 1216 2728 addatur
1227 2641 1416 2759 triplum,
1437 2671 1579 2756 nequo

195 2759 279 2844 hoe
303 2753 392 2842 satis
411 2757 471 2844 est
486 2793 497 2851 5
511 2758 681 2841 addatur
699 2755 998 2870 quadruplum,
1025 2768 1066 2844 δι
1082 2760 1163 2844 hoc
1184 2757 1269 2844 und
1286 2789 1381 2842 curn
1399 2763 1572 2873 antiquo

196 2875 459 2988 aequipondio
481 2879 524 2958 in
543 2875 797 2992 eatremitate
815 2871 970 2985 brachij
988 2874 1117 2986 posito
1138 2875 1446 2989 praeponderans
1468 2871 1571 2960 illud
1640 2916 1653 2954 .‘

194 2989 400 3100 est‚quod
411 2993 853 3105 requiritutrmanente
866 2992 978 3072 enim
988 3019 1097 3074 novo
1106 2989 1188 3072 hoc
1199 2989 1460 3104 aeqtripondio
1471 3019 1570 3104 qua·
1626 2996 1628 3000 ’

195 3103 351 3218 druplo'
369 3109 414 3188 in
435 3109 719 3198 extremitate,
740 3105 957 3218 antiquum
980 3105 1284 3218 aequipondium
1308 3105 1573 3190 admoveatur

196 3217 335 3306 versiae
353 3215 551 3335 spartum,
569 3231 609 3306 δι
641 3217 711 3302 fiat
724 3217 993 3332 aequilibrium
1016 3223 1228 3334 inpendio
1258 3219 1328 3304 lib.
1342 3251 1383 3327 7.
1404 3249 1498 3302 unc.
1512 3251 1567 3324 9‘:
1657 3229 1664 3246 “

195 3337 296 3451 quia
308 3333 457 3422 staterae
469 3363 660 3420 numerus
670 3359 874 3419 extremus
887 3333 946 3418 est
961 3363 1011 3420 ex
1022 3335 1237 3453 hypothesi
1250 3333 1341 3420 libr
1356 3343 1435 3444 5‚&
1448 3337 1586 3448 aqui·v

195 3453 397 3566 pondium
409 3447 632 3536 novumeli
645 3446 756 3556 lib.4
766 3509 779 3548 ‚
797 3451 877 3554 jam
891 3446 983 3534 stent
1000 3449 1151 3544 libros
1169 3451 1273 3540 adde
1289 3449 1402 3562 lib.7.
1422 3480 1516 3533 unc.
1525 3482 1567 3556 9.

195 3571 471 3678 totagravitaa
484 3566 674 3682 ponderis
688 3563 922 3679 quaefitaest
935 3564 1235 3672 lib.67.unc.9.

258 3687 315 3768 At
327 3687 469 3798 quaeris
482 3744 494 3782 ,
507 3711 559 3765 an
574 3680 720 3764 eodem
735 3681 816 3763 hoc
829 3679 1002 3778 artifieio
1020 3685 1081 3764 uti
1094 3677 1214 3766 liceat
1229 3685 1271 3766 in
1282 3677 1570 3766 communibus

194 3797 484 3914 stateris‚quas
498 3794 741 3882 nostratibus
753 3794 977 3882 artificibus
992 3795 1223 3896 construere
1235 3795 1410 3884 solemne
1424 3795 1569 3886 estrin
1680 3891 1704 3918 .

185 3914 347 4030 quibus
366 3907 444 4000 nee
465 3913 607 4000 statera
622 3910 765 4025 estper
787 3909 825 3998 se
844 3909 966 3996 solam
976 3911 1213 4027 aequilibris,
1230 3944 1307 3998 nec
1321 3911 1569 4028 aequipondij
1627 3971 1647 3988 s

168 4066 169 4069 ‘
192 4031 348 4123 staterae
359 4035 695 4144 jugoitainnexr,
711 4051 757 4112 ut
776 4029 871 4114 inde
884 4058 957 4144 pro
973 4028 1090 4114 libito
1106 4027 1255 4120 auferri
1265 4055 1464 4141 nequeat,
1478 4053 1569 4137 gra-

195 4148 367 4234 vitatem
388 4147 580 4260 indagare
594 4139 824 4260 pollemus,
849 4173 894 4228 ut
907 4146 1212 4260 aequipondium
1232 4144 1338 4228 illius
1353 4139 1569 4256 multiplex

193 4263 406 4378 eligamus.
423 4260 672 4379 Opportune
683 4265 826 4376 utique
836 4259 997 4354 dubitas
1006 4295 1019 4358 3
1032 4289 1127 4346 nam
1134 4261 1293 4375 pondus
1305 4268 1348 4344 &
1362 4261 1464 4374 aqui
1466 4285 1568 4373 pon·

192 4381 367 4470 diumin
382 4377 615 4492 vulgaribus
632 4376 784 4462 stateris
801 4403 885 4462 non
897 4373 989 4462 sunt
1003 4371 1176 4462 omninb
1193 4381 1235 4458 in
1256 4372 1463 4487 reciprocai
1480 4377 1567 4456 Ra·

192 4497 311 4582 tione
338 4493 615 4580 distantiarum
640 4489 838 4609 asperto,
863 4524 907 4580 ut
925 4491 1104 4610 snperibs
1127 4489 1197 4574 suo
1217 4491 1309 4574 loeo
1326 4485 1568 4576 didumest.
1681 4523 1685 4534 ¹

191 4617 413 4728 Propterea
426 4617 487 4699 uti
504 4613 671 4729 quidem
678 4605 883 4728 pollemus
893 4599 1435 4812 rodemartificsio,sed·ce'rtd
1447 4602 1570 4692 ratio-

1209 4755 1291 4835 ³³
