3708 5274
342 81 453 214 684
833 2 1258 184 Meihanicarum

332 237 426 328 sunt
441 241 486 321 in
503 221 702 347 triplicati
716 231 892 316 Ratione
908 225 1224 342 homologorurn
1243 231 1414 328 laterum
1432 248 1517 332 rAt
1537 251 1708 364 impedi.

330 381 540 446 mentum,
556 348 668 463 quod
687 377 738 432 ex
754 347 891 430 medio
905 341 1126 472 scindendo
1148 351 1307 452 oritur,
1330 361 1598 447 &velocitati
1621 395 1706 450 mo.
1831 419 1832 448 ³

332 470 433 555 dum
451 466 607 562 statuit,
630 459 789 546 nonest
813 459 905 574 ipsrs
925 461 1277 572 magnitudinibus
1298 472 1551 586 analogum,
1572 478 1639 564 sed
1659 484 1707 568 ad
1831 535 1832 574 ι

331 583 534 670 summum
554 609 601 662 ea
614 573 695 662 elle
710 576 839 692 potest
856 579 999 674 Ratio,
1015 608 1103 692 quac
1121 575 1229 664 inter
1241 601 1456 700 corporum
1480 589 1706 706 superficies

331 698 548 784 intercedit
564 728 576 787 3
595 696 657 778 hac
674 715 817 776 autem
833 691 990 776 tantiam
1005 691 1095 780 sunt
1112 697 1155 777 in
1175 697 1381 810 duplicati
1404 705 1584 792 Ratione
1603 710 1706 796 late·

332 845 423 902 rum
437 808 760 920 homologorum.
806 811 907 892 Non
930 811 1056 1005 pgitur
1070 808 1327 914 velocitates,
1343 848 1543 932 quatenus
1560 825 1614 910 ab
1632 831 1706 910 im.

331 931 567 1045 pedimento
596 952 902 1040 temperantur,
948 951 1020 1005 unt
1047 924 1201 1009 direstia
1229 936 1494 1036 gravitatibus
1517 940 1706 1052 analoga.
1831 1029 1832 1034 Ν

330 1045 409 1135 Ubi
424 1067 561 1128 autem
577 1068 743 1154 corpora
757 1069 840 1122 non
859 1034 1040 1152 ejusdem
1061 1036 1283 1130 secundum
1299 1045 1472 1163 speciem
1487 1059 1706 1164 gravitatis,

330 1157 549 1249 habuerint
560 1161 774 1269 gravitates
787 1153 1707 1284 magnitudinibusteciprocdanalogas,atque
1831 1171 1832 1182 '

331 1271 438 1362 adeb
465 1271 607 1385 aeqttali
632 1273 828 1380 gravitate
841 1263 1043 1366 absoluti,
1063 1265 1129 1354 seu
1145 1279 1354 1386 pondere,
1360 1283 1526 1394 predita
1541 1285 1705 1380 fuerint,

230 1479 232 1484 ,
331 1393 468 1478 adbuc
489 1385 706 1501 inaequales
726 1381 806 1468 elle
822 1387 924 1478 aeris
952 1381 1190 1470 refistentias
1210 1448 1221 1486 ,
1250 1391 1434 1508 stfigurae
1454 1398 1598 1484 similes
1617 1403 1704 1499 fior,

333 1505 421 1594 satis
443 1500 704 1618 probabiliter
720 1499 1005 1596 concedimus,
1022 1499 1111 1614 plus
1128 1502 1323 1616 siquidem
1337 1511 1481 1618 majori
1495 1543 1705 1630 repugnat,

331 1617 457 1738 quim
473 1615 621 1704 minori
633 1653 644 1698 z
657 1616 684 1700 st
698 1611 798 1700 verb
816 1625 858 1702 &
870 1613 1069 1698 dissimiles
1084 1617 1252 1728 figurae,
1273 1637 1315 1710 dt
1336 1629 1551 1743 inaequales
1569 1639 1702 1742 gravi.

333 1766 433 1830 tates
455 1761 658 1850 ponantur
678 1791 698 1829 ,.
716 1761 768 1814 ex
787 1727 976 1812 omnibus
1004 1730 1118 1814 simul
1148 1741 1376 1852 compositis
1399 1748 1703 1858 quodammodo

333 1851 502 1938 conflari
521 1845 829 1932 resrllentiarum
846 1847 1063 1930 Rationem
1078 1845 1195 1934 facile
1209 1853 1267 1936 est
1283 1861 1463 1971 opinari5
1482 1859 1550 1946 sed
1563 1866 1704 1948 Ratio-

332 1975 396 2052 nis
411 1968 604 2049 terminos
623 1960 776 2048 temere
796 1958 967 2046 delinire
986 1991 1069 2044 non
1084 1965 1221 2050 ausam.

390 2075 518 2166 Porrb
529 2073 680 2162 certam
689 2077 821 2187 legem
834 2137 844 2172 ,
858 2107 939 2190 qua
955 2081 999 2160 in
1016 2077 1233 2166 refistendo
1247 2098 1317 2172 a'c'r
1334 2097 1605 2192 contineatur,
1621 2125 1702 2181 orn·

331 2189 437 2282 nind
452 2187 597 2279 afferre
614 2223 699 2276 non
708 2185 913 2306 possumus
926 2191 977 2288 ,st
992 2197 1334 2304 quemadmodum
1351 2205 1417 2289 ille
1431 2209 1595 2308 resistat,
1612 2241 1704 2326 per-

331 2307 569 2429 pendamus.
616 2311 716 2392 Non
735 2309 877 2391 eadem
894 2305 951 2390 est
969 2336 1082 2420 aquae
1098 2320 1138 2396 δι
1160 2320 1261 2400 ae'ris
1280 2317 1483 2418 resistendi
1499 2329 1631 2423 Ratio,
1651 2357 1703 2413 ne

330 2428 559 2518 dividatur5
579 2453 683 2538 aqua
695 2427 805 2506 enim
822 2425 1005 2528 nondum
1024 2429 1067 2506 in
1084 2435 1273 2542 vaporem
1286 2461 1502 2523 extenuata
1520 2501 1531 2537 ,
1546 2451 1588 2526 &
1606 2443 1702 2540 susm

269 2603 272 2612 -
288 2543 301 2560 ‘
332 2541 548 2656 constipari
561 2537 598 2623 se
609 2599 620 2636 ‚
632 2549 674 2626 δι
690 2543 733 2620 in
745 2535 978 2650 angustiora
991 2537 1113 2653 spatia
1126 2548 1313 2630 coartiari
1327 2579 1411 2634 non
1427 2550 1621 2650 sinitrsed
1633 2558 1702 2640 ubi

215 2709 219 2715 -
241 2715 243 2719 -
330 2657 469 2742 locum
485 2653 746 2741 descendenti
765 2683 818 2736 ex
835 2665 926 2737 a'e're
943 2662 1100 2778 corpori
1117 2663 1342 2752 concedere
1358 2673 1542 2778 cogitur,
1565 2669 1703 2785 supcr-

333 2773 470 2858 ficiem
494 2765 600 2854 intrai
627 2800 721 2866 vas,
742 2799 824 2882 quo
854 2794 1112 2870 contlnetur,
1135 2775 1320 2864 attollens
1340 2787 1592 2870 tantumdem
1609 2797 1706 2888 aeri,

216 2991 218 2995 Α
332 2917 457 3006 quem
470 2883 663 3002 impellit,
681 2881 839 2996 surripit
860 2880 970 2997 spatij
986 2945 997 2983 ,
1015 2916 1212 2996 quantum
1230 2894 1415 2980 immerso
1434 2907 1590 3016 corpori
1604 2931 1720 3016 per--

279 3071 282 3078 ,
331 3001 472 3090 mittit.
502 3005 588 3086 Aut
602 2999 628 3080 st
641 2995 953 3115 nondescendat
971 3029 1143 3116 corpus,
1158 3004 1224 3092 sed
1236 3009 1404 3124 obliqui:
1418 3013 1568 3099 feratur
1585 3025 1657 3113 (ut
1675 3019 1704 3103 li

333 3116 525 3204 baculum
535 3119 680 3230 partim
692 3142 805 3226 aquae
816 3109 1053 3214 immissum,
1069 3119 1212 3232 partim
1225 3153 1428 3212 extantem
1442 3129 1708 3219 transversum

333 3261 451 3346 agas,
465 3257 534 3316 aut
550 3233 661 3312 navis
674 3257 790 3340 prora
802 3227 912 3310 illam
929 3229 1080 3326 findat)
1100 3262 1198 3320 tunc
1219 3265 1307 3352 quae
1325 3249 1452 3326 motui
1470 3253 1706 3359 opponitur,

333 3377 441 3462 aqua
459 3343 670 3458 crispatur,
687 3341 905 3428 &baculus
918 3343 999 3430 save
1015 3353 1126 3432 navis
1138 3351 1297 3452 foveam
1313 3358 1423 3471 pone
1436 3361 1643 3476 relinquit,
1664 3373 1708 3450 in

333 3491 456 3580 quam
470 3459 733 3572 deindeaqua
746 3457 911 3553 refluatr
926 3455 1012 3572 qud
1027 3491 1163 3550 autem
1179 3470 1333 3562 eraffior
1348 3473 1514 3558 baculus
1531 3507 1603 3562 aut
1615 3512 1706 3566 anr-

331 3579 437 3695 plior
456 3591 572 3692 prora
595 3635 606 3670 ,
631 3583 671 3661 &
696 3574 979 3658 vehementior
1004 3605 1125 3694 atque
1147 3583 1389 3672 concitatior
1413 3590 1537 3675 fuerit
1555 3627 1704 3697 motus,

332 3723 442 3809 aqua
457 3697 513 3776 im
545 3685 629 3773 ulla
648 3687 766 3774 altilts
790 3684 975 3799 affingit,
995 3701 1036 3777 δι
1053 3701 1182 3807 magis
1202 3700 1382 3816 depressa
1395 3705 1514 3790 fovea
1526 3739 1707 3824 apparet.

331 3813 393 3896 Ex
407 3839 492 3925 quo
505 3719 593 3892 sitis
605 3803 743 3918 aperte
760 3801 915 3888 constat
933 3800 1152 3921 deotpore,
1165 3821 1276 3926 quud
1288 3847 1489 3920 movetur,
1503 3839 1706 3937 proximas

332 3955 357 4010 a
387 3953 448 4008 uae
465 3920 654 4038 opposrtae
667 3917 880 4034 particulas
894 3920 1077 4037 impelli,
1097 3938 1138 4014 dc
1162 3935 1327 4045 pethas
1343 3939 1572 4048 interjectas
1584 3947 1708 4034 etiam

266 4047 269 4052 ’
322 3955 506 4152 ‘riliquas
521 4043 565 4120 in
577 4033 679 4120 aeris
694 4033 830 4118 locum
848 4038 1044 4151 protrudi.
1574 4131 1582 4146 ,

390 4157 447 4240 At
460 4147 560 4237 verb
573 4162 655 4250 ae'r,
672 4161 795 4266 qu'em
812 4150 933 4238 facile
947 4163 1158 4272 comprimi
1173 4163 1384 4256 &dilatari
1396 4200 1479 4260 tam
1491 4175 1711 4266 multisex·

276 4367 283 4374 .
332 4269 566 4385 perimentis
583 4271 793 4365 novimus,
807 4267 909 4352 dum
926 4267 1064 4384 locum
1088 4285 1246 4393 corpori
1271 4314 1482 4374 commoto.
1503 4299 1708 4399 concedit,

331 4413 468 4499 neque
487 4411 587 4496 opus
609 4381 697 4482 est,
723 4410 769 4518 pt
783 4379 953 4497 supremi
971 4391 1130 4476 aetheris
1152 4401 1362 4508 regionem
1378 4409 1549 4502 invadat
1569 4409 1711 4500 locum

331 4497 407 4588 nu
425 4525 633 4616 quaetenr,
652 4527 789 4614 neque
805 4502 850 4585 in
864 4497 1028 4596 foveam
1050 4535 1264 4600 excavatus
1289 4516 1354 4612 vel
1376 4522 1431 4610 ad
1450 4553 1710 4616 momentum

1602 4645 1688 4734 hiat
1693 4681 1713 4742 5
