3708 5274
469 215 630 330 Liber
671 249 829 332 extus.
876 221 1097 333 CAPUT
1125 221 1194 332 V.
1408 227 1515 328 611

146 381 224 468 nec
244 377 573 466 circumducatur
585 379 740 492 Ergatae
760 413 772 474 ς
795 407 895 462 tunc
922 373 1032 462 enim
1050 409 1134 464 non
1152 405 1311 466 tanturn
1336 377 1446 498 spatii
1465 415 1529 472 rc-

147 502 343 611 quiritur,
357 507 400 582 dc
414 519 667 580 momentum
679 499 858 580 Ratione
872 497 1030 606 Ergatae
1042 523 1227 610 augetur.
1255 501 1314 582 At
1330 501 1357 582 fi
1374 504 1530 589 Poten-

146 617 203 696 tia
219 612 384 696 trahens
399 612 671 696 finthomines
683 673 696 710 ‚
709 609 798 696 satis
810 607 910 696 estli
928 608 1055 726 propi:
1069 609 1286 698 secundam
1302 615 1527 708 trochleam

125 823 130 836 ,
148 725 332 812 stabilem
347 725 574 811 consistant.
613 731 753 852 Qare
766 725 795 808 fi
810 732 900 840 quis
914 725 1089 810 voluerit
1105 726 1339 841 hujusmodi
1355 759 1539 845 quatuor,

145 833 717 964 trochlearum'complexione
731 839 871 940 uti,ut
885 839 1066 953 potentia
1081 842 1264 926 obtineat
1274 872 1530 936 momentum

143 956 505 1074 vigequintuplum
522 1019 533 1056 ,
552 962 770 1072 requiritur
788 955 900 1072 spatij
923 956 1138 1069 longitudo
1166 959 1380 1074 quintupla
1401 961 1528 1078 spatii

143 1099 216 1182 per
245 1075 357 1186 quod
380 1074 669 1159 deducendum
693 1071 752 1157 est
775 1073 946 1188 pondus.
998 1074 1124 1192 Quod
1139 1077 1265 1185 igitur
1290 1077 1344 1160 ad
1364 1075 1528 1164 funium

141 1187 446 1298 longitudinem
457 1185 617 1302 spectat,
633 1189 849 1299 longitudo
867 1186 976 1272 funis
987 1197 1169 1303 priorum
1183 1189 1455 1278 trochlearum
1468 1195 1530 1284 est

142 1302 370 1420 quadrupla
388 1299 500 1417 spatij
528 1299 833 1417 percurrendid
858 1306 1069 1417 pondere,
1102 1315 1145 1390 &
1173 1301 1389 1418 longitudo
1417 1309 1542 1394 funis*

78 1477 89 1498 t
137 1418 409 1534 posteriorum
423 1416 676 1526 cstejusdem
702 1416 811 1536 spatii
830 1417 1046 1533 vigccupla
1059 1421 1163 1514 s'hic
1178 1447 1312 1505 tamen
1331 1422 1527 1536 posterior

134 1535 253 1619 lunis
269 1533 399 1651 potest
416 1532 497 1622 else
541 1539 644 1620 tiore
658 1539 820 1618 tenuior
837 1559 962 1649 atque
977 1533 1132 1634 exilior,
1146 1537 1357 1624 urditium
1370 1539 1442 1623 est.

201 1648 368 1735 Dixerit
378 1649 481 1736 forta
512 1650 707 1764 caliquis,
718 1679 801 1734 rem
814 1646 949 1734 minin
961 1648 1118 1733 attenti:
1135 1651 1402 1750 considerans,
1415 1649 1526 1769 polle

143 1764 384 1882 posteriores
411 1765 610 1855 trochleas
626 1763 776 1849 habere
791 1764 934 1849 funem
948 1794 1032 1848 non
1050 1764 1277 1877 longiorem
1297 1765 1396 1852 fune
1414 1775 1527 1886 prio-

141 1911 258 1974 rumt
279 1879 475 1998 sedquia‚
491 1881 564 1965 ubi
580 1879 646 1964 ille
659 1879 999 1994 totusexplicarus
1021 1879 1164 1977 fuerit,
1187 1883 1347 1994 pondus
1362 1912 1445 1969 non
1464 1881 1525 1971 est

140 1996 366 2081 addudum
386 1997 458 2080 nisi
487 1995 538 2080 ad
552 1999 737 2110 quintam
753 2022 908 2108 partem
930 1991 1066 2108 spatii,
1084 1989 1192 2113 polle
1214 1995 1415 2082 trochleas
1440 1999 1526 2085 illas

140 2111 381 2226 posteriores
395 2117 451 2196 ita
469 2109 647 2195 invicem
656 2108 859 2223 disjungi,
874 2137 919 2193 ut
934 2139 1001 2206 ea,
1015 2124 1103 2224 quae'
1116 2111 1177 2195 est
1190 2110 1363 2209 mobilia,
1376 2113 1525 2230 adjun-

142 2253 264 2338 gatur
280 2227 369 2312 funi
386 2227 568 2312 dustario
587 2223 713 2341 proph
728 2223 952 2309 trochleam
1004 2219 1146 2312 rioreirr
1174 2226 1367 2323 mobilem
1390 2263 1402 2322 3
1427 2260 1526 2318 nam

137 2351 321 2456 potentia
339 2347 485 2428 iterum
504 2343 669 2428 trahens
682 2339 859 2426 adducet
875 2250 1060 2455 pondus:
1076 2338 1250 2458 idquod
1276 2339 1422 2458 saepius
1444 2351 1524 2431 ite·
1633 2364 1641 2370 '

137 2461 216 2540 rati
234 2456 376 2572 potest.
1521 2527 1525 2540 ·

202 2573 359 2660 Veritm
371 2574 452 2659 hoc
469 2573 555 2658 fieri
568 2575 738 2656 omnino
753 2599 837 2654 non
851 2565 959 2687 polle
974 2567 1319 2686 deprehendes‚''li
1336 2571 1529 2662 oblerva.

142 2693 270 2787 veris,
283 2713 492 2804 nunquam
505 2690 585 2774 hoc
598 2691 715 2804 padio
727 2687 875 2771 adduci
893 2690 1053 2802 pondus
1067 2690 1107 2767 ni
1114 2674 1139 2767 li
1150 2715 1224 2801 per
1234 2692 1419 2799 quintam
1433 2713 1526 2806 par·
1620 2683 1628 2690 ’

143 2831 227 2889 tem
249 2805 392 2921 reliqui
407 2803 517 2921 spatij
529 2840 540 2898 ς
562 2831 686 2919 quare
713 2801 867 2916 aliquid
894 2801 1048 2916 semper
1063 2798 1306 2915 relinquitur
1324 2863 1335 2900 ,
1356 2811 1457 2920 quin
1472 2808 1529 2893 ad

142 2918 388 3004 destinatum
405 2919 540 3006 locum
553 2917 712 3033 pondus
730 2921 951 3032 perveniat.
986 2920 1025 2999 Si
1043 2915 1242 3030 placuerit
1254 2945 1390 3002 tamen
1408 2922 1524 3008 hunc

142 3033 323 3120 lahorem
337 3032 875 3146 affumereindisjungcndis
891 3030 1178 3148 posterioribus
1189 3033 1404 3132 trochleis,
1417 3042 1524 3151 ptio-

144 3145 1519 3262 restrochleasitainvicemdisjunstasinitiocolloca‚·urcammin-

143 3266 356 3351 cervallum
373 3268 419 3350 fit
430 3265 565 3352 saltem
579 3259 877 3378 sesquialterum
891 3260 1001 3378 spatij
1018 3321 1029 3359 ‚
1048 3254 1240 3376 perquod
1254 3266 1414 3376 pondus
1430 3297 1524 3350 mo-

142 3379 230 3466 veri
247 3411 432 3499 oportets
452 3383 805 3492 ficenimrepetito
819 3377 1038 3494 quinquies
1053 3378 1240 3461 trahendi
1259 3377 1395 3467 labore
1409 3379 1519 3465 ohti-

142 3497 258 3583 nehis
274 3499 521 3614 propositum
534 3519 690 3578 motum
704 3529 712 3574 ε
727 3495 856 3608 primi
883 3493 1075 3578 videlicet
1095 3495 1289 3576 tradione
1303 3496 1522 3581 deducitur

127 3701 132 3712 ,
140 3616 300 3728 pondus
326 3645 398 3728 pet
422 3617 545 3696 totius
562 3609 759 3692 intervalli
777 3614 820 3724 ξς
840 3607 1072 3693 infecunda
1092 3605 1366 3722 pet⁸ejusdem
1390 3615 1517 3696 inter-

140 3745 234 3834 valli
262 3748 369 3868 331⁰
390 3741 506 3832 tertii
525 3775 597 3863 per
618 3731 662 3864 3¹33,
681 3775 692 3836 5
711 3744 754 3823 in
779 3735 920 3849 quarti
945 3767 1017 3854 per
1034 3732 1108 3861 ⁶⁸3⁵
1126 3740 1168 3820 in
1186 3735 1328 3855 quinti
1343 3737 1485 3854 perss'f.
1508 3795 1516 3810 .

1432 3814 1517 3868 μη)

136 3909 230 3996 quar
247 3899 377 3995 partes
405 3870 432 3953 sl
449 3873 493 3954 in
509 3869 702 3958 summam
725 3867 983 3981 redigantur,
1000 3869 1165 4003 dant}-
1221 3861 1305 3959 hoc'
1317 3873 1378 3996 est
1397 3879 1519 3992 paulo
1562 3975 1567 3992 Α

1137 3963 1160 3994 Η
1190 3933 1201 3969 ³

137 4017 310 4134 amplius
325 4007 448 4130 quim
463 4019 486 4136 j
494 4012 684 4128 propositi
702 4007 902 4096 intervalli
917 4069 928 4106 ,
943 4039 1139 4124 quantum
1154 3961 1378 4100 latir'cllad
1395 4017 1518 4132 perli-

138 4149 334 4238 ciendum
357 4147 604 4238 destinatum
624 4153 806 4271 spatium.
850 4153 926 4244 Ubi
955 4155 1095 4250 videas
1119 4155 1146 4240 fi
1173 4151 1430 4244 intervallum
1454 4154 1517 4242 as-

137 4267 343 4380 sumptum
359 4259 491 4352 fuillet
506 4264 626 4381 paulo
637 4273 766 4382 majus
780 4265 903 4384 quim
913 4269 1081 4384 duplum
1094 4270 1285 4358 destina-ti
1301 4267 1424 4383 spatii,
1437 4303 1518 4358 ter·

137 4382 195 4468 rid
210 4385 405 4468 traiiione
425 4379 574 4467 absolvi
595 4387 845 4502 propositum
865 4415 1049 4480 morumt
1070 4416 1163 4470 nam
1182 4391 1334 4508 33:735
1354 4387 1515 4476 sicolli-

137 4541 289 4632 gantur
303 4517 347 4598 in
365 4512 581 4615 summam,
595 4519 695 4606 dant
709 4516 778 4645 ᾗῇ,
796 4523 879 4610 hoc
895 4517 1052 4604 estsere
1071 4527 1104 4630 ξ.
1135 4523 1192 4608 At
1207 4519 1234 4604 fi
1248 4519 1407 4608 duobus
1419 4524 1517 4610 sima

136 4639 312 4830 plicibus
326 4655 518 4744 orbiculis
528 4661 653 4748 uraris
663 4721 676 4759 ‚
691 4655 841 4776 quihus
851 4657 1104 4858 conspolfi-itikti
1101 4680 1282 4860 pptlpntrg
1294 4655 1420 4742 habet
1429 4685 1515 4754 mo·
