3818 5264
384 232 487 334 ¹04
609 213 610 216 ‘
688 259 690 262 ·
847 183 1273 310 Mechanicornm

371 350 622 448 eo'e'untibus
639 351 792 444 mobile
809 385 861 442 ex
886 356 925 472 A
947 357 992 441 in
1011 357 1055 440 D
1070 358 1206 442 venit:
1224 351 1311 472 qud
1328 349 1429 446 verd
1441 353 1622 448 obtulior
1630 361 1749 452 fuerit

364 473 574 588 angulus,
590 467 645 558 ed
656 477 783 558 etiam
799 471 959 558 brevius
979 469 1040 558 est
1052 473 1263 587 iteripsrus
1281 471 1455 574 mobilis,
1469 503 1517 558 ut
1536 485 1748 594 contingit,

363 593 407 676 ‘sr
421 621 472 676 ex
491 597 523 676 B
544 592 747 676 direelum
769 617 842 706 per
869 591 995 674 renas
1017 589 1122 688 BA,
1144 591 1229 674 BD
1253 591 1306 676 ad
1331 587 1520 678 obtusum
1552 595 1749 708 angulum

186 739 190 742 ·
255 765 258 779 ·
359 706 614 795 .·eonffitutas
629 724 862 805 moveatur,
882 701 1030 792 srilitur
1048 708 1160 790 enim
1172 709 1216 794 in
1229 707 1281 807 C,
1295 715 1335 794 &
1353 707 1514 790 brevior
1525 706 1586 794 est
1600 713 1750 799 diome-

159 1331 164 1339 ·
218 1369 220 1376 Α
372 1287 451 1375 nlrs
466 1283 677 1374 indiverso
687 1286 854 1388 abeunt,
864 1287 907 1373 id
922 1288 1035 1406 quod
1045 1286 1092 1374 fit
1100 1279 1151 1374 ex
1163 1284 1315 1401 angulo
1325 1314 1447 1374 acuto

374 852 437 909 ter
453 825 532 910 BC
552 819 677 938 qudm
696 825 807 920 AD,
829 849 874 906 ut
890 851 942 908 ex
962 851 1025 929 24.
1045 819 1115 908 lib.
1138 851 1172 906 1.
1192 817 1282 908 satis
1300 813 1560 910 manifestum
1574 816 1634 910 e'st
1648 854 1749 940 geo-

367 943 540 1038 metris,
557 949 599 1026 δι
619 936 699 1055 ipsa
715 965 903 1028 motuum
927 936 1281 1140 natumpostulats
1299 941 1370 1053 qui
1387 942 1580 1058 nimirum
1598 941 1671 1026 srbi
1684 947 1750 1028 in-.

375 1061 515 1144 vicem
527 1061 655 1170 magis
668 1050 929 1162 adversantur
941 1081 1073 1172 ,magr
1092 1083 1172 1176 que
1187 1051 1396 1144 indiverso
1408 1053 1589 1155 abermt,
1607 1054 1645 1140 se
1660 1089 1750 1144 ma-

374 1177 438 1286 gis
460 1171 643 1272 elidunt,
661 1174 706 1260 id
720 1171 833 1288 quod
849 1170 896 1264 fit
908 1201 960 1266 ex
971 1168 1125 1283 angulo
1141 1165 1284 1264 obtuso
1297 1173 1384 1262 DB
1397 1173 1433 1256 A
1447 1205 1459 1267 s
1467 1199 1551 1374 gup
1560 1167 1661 1380 {erp
1674 1180 1751 1266 mi·

1608 1349 1620 1390 s
1648 1319 1750 1404 epa·

207 1505 210 1510 ι
373 1407 472 1488 riter
484 1402 620 1492 minus
632 1403 805 1504 elidunt.

432 1524 523 1610 Sint
539 1523 676 1640 itaque
688 1549 768 1623 ,aut
784 1519 916 1638 prilrs,
935 1521 1112 1612 funiculi
1129 1523 1227 1622 BA,
1244 1519 1345 1620 CA,
1357 1552 1409 1608 ex
1426 1519 1574 1638 quibus
1594 1522 1629 1606 A
1644 1551 1749 1644 pon-

370 1637 448 1724 dus
464 1631 742 1755 suspenditur:
766 1639 941 1725 ducatur
959 1641 1013 1726 acl
1029 1641 1112 1726 BA
1131 1636 1478 1754 perpendicularis
1498 1640 1608 1738 AR,
1623 1649 1667 1726 δι
1689 1639 1749 1726 est

370 1752 539 1874 planum
562 1753 832 1854 inclinatum,
858 1761 902 1840 in
926 1759 1009 1874 quo
1033 1751 1308 1842 descendendi
1334 1783 1589 1840 momentum
1611 1753 1672 1840 est
1701 1783 1748 1840 ut

367 1873 413 1955 D
428 1873 464 1952 A
489 1901 501 1962 s
529 1868 709 1956 similiter
725 1871 778 1957 ad
803 1873 840 1961 C
855 1873 890 1958 A
903 1869 1248 1992 perpendicularis
1272 1877 1305 1952 A
1322 1869 1363 1954 G
1380 1871 1555 1957 ducatur
1571 1869 1747 1956 referens

366 1983 535 2102 planum
558 1985 823 2088 inclinatmn,
840 1991 885 2074 in
901 2020 985 2107 quo
998 1983 1274 2076 descendendi
1289 2015 1549 2070 momentum
1566 1981 1627 2070 est
1654 1967 1745 2072 AB.
1903 2045 1904 2058 ι

361 2105 560 2186 'Sumatur
576 2103 705 2214 igitur
734 2107 818 2190 AR
836 2106 1007 2218 quidem
1025 2102 1097 2219 ipss
1118 2105 1207 2192 AD
1224 2101 1416 2218 equalis,
1446 2107 1477 2183 A
1494 2101 1534 2192 G
1553 2097 1652 2186 verd
1675 2101 1747 2216 ipli
1903 2161 1904 2196 r

367 2216 452 2302 ΑΕ
469 2219 619 2334 pariter
633 2219 819 2336 aequalis,
836 2221 864 2308 sr
881 2218 1058 2307 funiculi
1078 2225 1109 2304 B
1128 2225 1184 2318 A,
1201 2228 1245 2306 δι
1266 2221 1352 2308 CA
1376 2215 1549 2332 aequales
1569 2217 1744 2316 fuerint,

325 2355 327 2360 ·
365 2330 428 2415 fin
449 2359 588 2418 autern
604 2335 823 2450 inaequales
842 2336 921 2424 fint
933 2398 945 2436 ,
964 2336 1034 2422 fiat
1047 2333 1221 2446 angulus
1244 2335 1288 2421 D
1301 2339 1332 2421 B
1345 2335 1391 2424 Η
1412 2331 1574 2448 aequahs
1591 2331 1746 2444 angulo
1893 2373 1904 2414 ι,

276 2459 278 2463 ’
364 2445 651 2534 declinationis
672 2452 704 2536 E
717 2454 755 2538 C
770 2455 804 2534 A
819 2513 831 2552 ,
858 2463 901 2544 δι
925 2447 1082 2568 sumptd
1102 2451 1192 2537 BH
1211 2447 1356 2565 equali
1378 2447 1449 2566 ipsr
1482 2453 1512 2538 B
1527 2448 1587 2546 A,
1611 2449 1743 2536 duca-

368 2590 436 2656 tur
460 2565 514 2652 ad
548 2567 635 2652 BD
686 2566 1002 2690 erpendicularis
1032 2569 1113 2658 HI
1137 2625 1149 2666 ,
1176 2567 1336 2680 eritque
1360 2593 1407 2651 ut
1439 2565 1521 2652 EA
1556 2565 1610 2649 ad
1638 2565 1744 2670 AC,

368 2683 427 2764 ita
449 2680 527 2774 IH
549 2681 602 2771 ad
682 2689 743 2783 B,
768 2683 924 2772 hocell
945 2683 999 2769 ad
1019 2683 1102 2768 AB
1121 2713 1134 2778 ⁵
1152 2705 1429 2797 acpropterea
1450 2677 1523 2796 ipii
1543 2679 1746 2798 IH,quae

366 2793 490 2880 refert
501 2825 756 2890 momentum
776 2800 852 2888 ΑΕ
863 2861 876 2900 ,
891 2797 1070 2890 sumatur
1096 2797 1192 2884 AG
1215 2795 1389 2913 equalis.
1413 2797 1475 2888 Ex
1488 2825 1572 2912 quo
1587 2795 1634 2880 fit
1649 2827 1744 2882 cor.

365 2939 443 3029 pus
470 2911 509 2994 A
536 2908 607 2998 sus
648 2911 765 3002 nsum
788 2911 869 3004 hle
894 2917 1052 3005 ratione
1077 2941 1285 3004 momento
1318 2909 1594 3001 descendendi
1617 2909 1746 2998 habe-

360 3029 465 3110 rein
479 2942 1000 3146 diverlalpanes.abeuntn
1015 3027 1052 3112 A
1065 3031 1120 3128 R,
1138 3029 1251 3114 AG:
1267 3027 1446 3146 perfelllo
1463 3031 1590 3139 igitur
1606 3027 1741 3144 paral-

363 3139 628 3254 lelogrammo
657 3149 800 3237 ARN
813 3149 882 3250 G,
906 3119 959 3236 elr
985 3142 1146 3236 duobus
1163 3143 1241 3236 illis
1259 3146 1475 3248 momentis
1493 3163 1741 3263 temperatur

367 3285 623 3346 momentum
638 3263 742 3354 AN.

396 3460 404 3480 ‚
425 3372 550 3488 Ipfius
566 3403 704 3488 autem
718 3381 754 3464 A
768 3383 814 3472 N
831 3376 1134 3494 longitudinem
1150 3375 1393 3490 investigare
1411 3404 1497 3460 non
1515 3373 1574 3462 est
1591 3373 1741 3460 diffici-

172 3573 178 3580 .
363 3486 427 3582 les
451 3519 547 3576 cum
568 3497 681 3580 enim
695 3499 781 3584 noti
795 3493 1072 3618 supponantur
1085 3493 1227 3608 anguli
1240 3491 1565 3579 declinationum
1582 3493 1628 3585 D
1644 3497 1675 3576 Β
1689 3495 1740 3592 A,

364 3603 397 3689 E
415 3605 453 3693 C
471 3608 501 3686 A
520 3668 533 3706 .
562 3608 736 3725 angulus
759 3615 800 3698 R
814 3613 907 3701 AG
943 3607 1147 3700 conflatur
1174 3638 1226 3694 ex
1249 3637 1391 3694 eorum
1418 3607 1740 3722 complementis,

365 3723 1740 3932 Alpdlgq“llssnstffllldlillllzllllssdllmlll

370 3983 385 4040 1
403 3955 446 4053 2',
466 3899 509 4042 At
531 3907 706 4068 angulus
730 3961 761 4050 Ε
778 3961 815 4046 C
830 3873 1028 4072 Axgrlll.
1044 3991 1062 4064 3
1076 3958 1114 4068 5':
1132 3867 1359 4072 junganttlr
1378 3951 1519 4058 Amul,
1539 3965 1582 4042 δε
1598 3865 1743 4042 {unul
1889 4035 1892 4042 .

363 4063 520 4160 summa
536 4097 595 4187 gr.
608 4083 679 4180 76.
689 4075 760 4181 47'
778 4075 985 4164 auferatur
1007 4105 1058 4160 ex
1075 4101 1134 4186 gr.
1152 4081 1253 4170 180,
1278 4099 1324 4158 ut
1346 4069 1550 4156 refiduum
1573 4098 1632 4184 gr.
1650 4101 1739 4180 103.

370 4213 386 4267 1
398 4185 427 4292 3¹
448 4185 496 4272 stt
511 4186 684 4299 angulus
707 4191 793 4276 RA
808 4193 849 4278 G
864 4252 876 4290 ,
899 4195 965 4288 cui
992 4185 1155 4304 aequali's
1178 4185 1237 4270 est
1264 4186 1469 4304 oppositus
1488 4189 1530 4272 R
1541 4189 1588 4272 N
1602 4189 1643 4272 G
1659 4221 1672 4282 3
1691 4217 1740 4274 ac

362 4303 536 4416 'proinde
553 4329 673 4390 notus
694 4297 755 4390 est
768 4305 942 4421 angulus
959 4306 1026 4404 G,
1043 4301 1189 4421 quiest
1201 4298 1271 4388 suo
1289 4301 1472 4420 opposito
1497 4305 1537 4387 R
1561 4301 1740 4418 aequnlis,
1769 4313 1771 4318 ’
1903 4405 1904 4416 Ν

263 4425 266 4434 “
364 4443 537 4530 uterque
555 4413 707 4510 scilicet
733 4449 792 4536 gr.
805 4439 875 4534 76.
889 4420 955 4532 47'
973 4449 1063 4536 quae
1083 4415 1143 4503 est
1164 4413 1318 4508 summa
1338 4415 1583 4530 angulorum
1602 4417 1734 4506 decli-

359 4533 549 4616 nationis.
594 4539 698 4622 Suut
723 4543 851 4652 igitur
875 4545 920 4624 in
945 4531 1149 4647 triangulo
1175 4534 1211 4618 A
1230 4533 1327 4622 GN
1359 4562 1456 4618 nom
1478 4533 1602 4622 latera
1628 4535 1737 4632 AG,

356 4645 461 4736 GN
481 4639 568 4750 (est
581 4653 758 4784 enlmjx
772 4689 838 4766 34„
850 4654 962 4746 lib.1.
984 4653 1082 4746 GN
1110 4649 1293 4769 opposito
1308 4647 1422 4750 lateri
1447 4651 1534 4772 AR
1552 4649 1734 4765 aequalel

1637 4761 1734 4852 ,unA
