<?xml version="1.0" encoding="UTF-8"?>
<!DOCTYPE html PUBLIC "-//W3C//DTD XHTML 1.0 Transitional//EN"
    "http://www.w3.org/TR/xhtml1/DTD/xhtml1-transitional.dtd">
<html xmlns="http://www.w3.org/1999/xhtml" xml:lang="en" lang="en">
 <head>
  <title>
</title>
<meta http-equiv="Content-Type" content="text/html;charset=utf-8" />
  <meta name='ocr-system' content='tesseract 3.04.00' />
  <meta name='ocr-capabilities' content='ocr_page ocr_carea ocr_par ocr_line ocrx_word'/>
</head>
<body>
  <div class='ocr_page' id='page_1' title='image "./rppaulicasatipl00casagoog_0757.png"; bbox 0 0 3794 5270; ppageno 0'>
   <div class='ocr_carea' id='block_1_1' title="bbox 278 205 1879 4756">
    <p class='ocr_par' dir='ltr' id='par_1_1' title="bbox 398 205 1879 951">
     <span class='ocr_line' id='line_1_1' title="bbox 398 205 1313 358; baseline 0.001 -37"><span class='ocrx_word' id='word_1_1' title='bbox 398 229 559 352; x_wconf 65' lang='lat'>‹73‘24&#39;</span> <span class='ocrx_word' id='word_1_2' title='bbox 611 243 619 250; x_wconf 83' lang='grc'><em>“</em></span> <span class='ocrx_word' id='word_1_3' title='bbox 693 243 709 312; x_wconf 74' lang='grc' dir='ltr'>ἶ</span> <span class='ocrx_word' id='word_1_4' title='bbox 889 205 1313 358; x_wconf 68' lang='lat' dir='ltr'>Mechmirarum</span> 
     </span>
     <span class='ocr_line' id='line_1_2' title="bbox 405 371 1773 488; baseline -0.001 -33"><span class='ocrx_word' id='word_1_5' title='bbox 405 373 579 457; x_wconf 89' lang='lat' dir='ltr'>flexione</span> <span class='ocrx_word' id='word_1_6' title='bbox 592 372 644 458; x_wconf 89' lang='lat' dir='ltr'>ad</span> <span class='ocrx_word' id='word_1_7' title='bbox 659 371 829 486; x_wconf 73' lang='lat' dir='ltr'>angulos</span> <span class='ocrx_word' id='word_1_8' title='bbox 846 373 975 485; x_wconf 80' lang='lat' dir='ltr'>magis</span> <span class='ocrx_word' id='word_1_9' title='bbox 987 377 1336 488; x_wconf 86' lang='lat' dir='ltr'>acutosimpetum</span> <span class='ocrx_word' id='word_1_10' title='bbox 1355 372 1773 460; x_wconf 82' lang='lat' dir='ltr'>minotidtcremenao</span> 
     </span>
     <span class='ocr_line' id='line_1_3' title="bbox 401 471 1772 604; baseline 0.006 -34"><span class='ocrx_word' id='word_1_11' title='bbox 401 471 561 592; x_wconf 74' lang='lat' dir='ltr'>minui&#39;,</span> <span class='ocrx_word' id='word_1_12' title='bbox 581 493 676 604; x_wconf 84' lang='lat' dir='ltr'>quia</span> <span class='ocrx_word' id='word_1_13' title='bbox 692 521 796 576; x_wconf 83' lang='lat' dir='ltr'>nova</span> <span class='ocrx_word' id='word_1_14' title='bbox 810 490 977 576; x_wconf 72' lang='lat' dir='ltr'>direelio</span> <span class='ocrx_word' id='word_1_15' title='bbox 989 488 1123 575; x_wconf 79' lang='lat' dir='ltr'>minias</span> <span class='ocrx_word' id='word_1_16' title='bbox 1139 489 1572 604; x_wconf 81' lang='lat' dir='ltr'>opponit&#39;urantiquae,</span> <span class='ocrx_word' id='word_1_17' title='bbox 1588 500 1629 577; x_wconf 74' lang='grc' dir='ltr'>δε</span> <span class='ocrx_word' id='word_1_18' title='bbox 1642 490 1772 578; x_wconf 76' lang='lat' dir='ltr'>minus</span> 
     </span>
     <span class='ocr_line' id='line_1_4' title="bbox 402 603 1772 718; baseline 0.005 -30"><span class='ocrx_word' id='word_1_19' title='bbox 402 605 622 718; x_wconf 86' lang='lat' dir='ltr'>impeditur</span> <span class='ocrx_word' id='word_1_20' title='bbox 635 617 790 702; x_wconf 66' lang='lat' dir='ltr'>motum</span> <span class='ocrx_word' id='word_1_21' title='bbox 806 605 958 690; x_wconf 91' lang='lat' dir='ltr'>idcirco</span> <span class='ocrx_word' id='word_1_22' title='bbox 970 605 1114 718; x_wconf 81' lang='lat' dir='ltr'>globus</span> <span class='ocrx_word' id='word_1_23' title='bbox 1130 609 1181 689; x_wconf 87' lang='lat' dir='ltr'>ad</span> <span class='ocrx_word' id='word_1_24' title='bbox 1193 603 1389 716; x_wconf 83' lang='lat' dir='ltr'>angulum</span> <span class='ocrx_word' id='word_1_25' title='bbox 1406 606 1526 690; x_wconf 75' lang='lat' dir='ltr'>valde</span> <span class='ocrx_word' id='word_1_26' title='bbox 1538 635 1704 690; x_wconf 86' lang='lat' dir='ltr'>acutum</span> <span class='ocrx_word' id='word_1_27' title='bbox 1717 636 1772 695; x_wconf 83' lang='lat' dir='ltr'>te-</span> 
     </span>
     <span class='ocr_line' id='line_1_5' title="bbox 403 715 1772 832; baseline 0.004 -31"><span class='ocrx_word' id='word_1_28' title='bbox 403 715 552 817; x_wconf 89' lang='lat' dir='ltr'>flexus,</span> <span class='ocrx_word' id='word_1_29' title='bbox 570 720 597 802; x_wconf 82' lang='lat' dir='ltr'>fi</span> <span class='ocrx_word' id='word_1_30' title='bbox 614 716 797 807; x_wconf 89' lang='lat' dir='ltr'>offendat</span> <span class='ocrx_word' id='word_1_31' title='bbox 807 720 853 810; x_wconf 78' lang='lat' dir='ltr'>,in</span> <span class='ocrx_word' id='word_1_32' title='bbox 865 750 979 808; x_wconf 91' lang='lat' dir='ltr'>motu</span> <span class='ocrx_word' id='word_1_33' title='bbox 996 717 1149 806; x_wconf 80' lang='lat' dir='ltr'>reflexo</span> <span class='ocrx_word' id='word_1_34' title='bbox 1163 718 1339 832; x_wconf 80' lang='lat' dir='ltr'>aliquem</span> <span class='ocrx_word' id='word_1_35' title='bbox 1352 719 1514 806; x_wconf 85' lang='lat' dir='ltr'><strong>obicem</strong></span> <span class='ocrx_word' id='word_1_36' title='bbox 1527 783 1538 814; x_wconf 94' lang='lat'>,</span> <span class='ocrx_word' id='word_1_37' title='bbox 1551 718 1684 804; x_wconf 75' lang='lat' dir='ltr'>multi)</span> <span class='ocrx_word' id='word_1_38' title='bbox 1705 752 1772 806; x_wconf 85' lang='lat' dir='ltr'>va-</span> 
     </span>
     <span class='ocr_line' id='line_1_6' title="bbox 404 832 1772 951; baseline 0.004 -35"><span class='ocrx_word' id='word_1_39' title='bbox 404 832 525 918; x_wconf 80' lang='lat' dir='ltr'>lidiira</span> <span class='ocrx_word' id='word_1_40' title='bbox 549 835 663 919; x_wconf 86' lang='lat' dir='ltr'>illum</span> <span class='ocrx_word' id='word_1_41' title='bbox 680 834 880 951; x_wconf 87' lang='lat' dir='ltr'>percutit,</span> <span class='ocrx_word' id='word_1_42' title='bbox 900 832 1023 950; x_wconf 75' lang='lat' dir='ltr'>quim</span> <span class='ocrx_word' id='word_1_43' title='bbox 1036 835 1072 918; x_wconf 88' lang='lat' dir='ltr'>·s1</span> <span class='ocrx_word' id='word_1_44' title='bbox 1092 837 1144 920; x_wconf 87' lang='lat' dir='ltr'>ad</span> <span class='ocrx_word' id='word_1_45' title='bbox 1165 833 1362 946; x_wconf 87' lang='lat' dir='ltr'>angulum</span> <span class='ocrx_word' id='word_1_46' title='bbox 1379 836 1516 922; x_wconf 78' lang='lat' dir='ltr'>minirs</span> <span class='ocrx_word' id='word_1_47' title='bbox 1530 865 1695 920; x_wconf 81' lang='lat' dir='ltr'>acutum</span> <span class='ocrx_word' id='word_1_48' title='bbox 1710 867 1772 922; x_wconf 83' lang='lat' dir='ltr'>te-</span> 
     </span>
    </p>

    <p class='ocr_par' dir='ltr' id='par_1_2' title="bbox 307 945 1773 1066">
     <span class='ocr_line' id='line_1_7' title="bbox 307 945 1773 1066; baseline 0.006 -38"><span class='ocrx_word' id='word_1_49' title='bbox 307 993 311 1000; x_wconf 91' lang='lat'>·</span> <span class='ocrx_word' id='word_1_50' title='bbox 406 945 659 1047; x_wconf 69' lang='lat' dir='ltr'>flelleretur,</span> <span class='ocrx_word' id='word_1_51' title='bbox 681 957 802 1066; x_wconf 87' lang='lat' dir='ltr'>quia,</span> <span class='ocrx_word' id='word_1_52' title='bbox 827 957 976 1037; x_wconf 82' lang='lat' dir='ltr'>caeteris</span> <span class='ocrx_word' id='word_1_53' title='bbox 994 950 1181 1066; x_wconf 83' lang='lat' dir='ltr'>paribus,</span> <span class='ocrx_word' id='word_1_54' title='bbox 1203 954 1353 1065; x_wconf 87' lang='lat' dir='ltr'>majore</span> <span class='ocrx_word' id='word_1_55' title='bbox 1385 956 1542 1064; x_wconf 86' lang='lat' dir='ltr'>impetu</span> <span class='ocrx_word' id='word_1_56' title='bbox 1570 949 1773 1065; x_wconf 80' lang='lat' dir='ltr'>lirperstite</span> 
     </span>
    </p>

    <p class='ocr_par' dir='ltr' id='par_1_3' title="bbox 403 1065 1522 1180">
     <span class='ocr_line' id='line_1_8' title="bbox 403 1065 1522 1180; baseline 0 -34"><span class='ocrx_word' id='word_1_57' title='bbox 403 1068 528 1148; x_wconf 72' lang='lat' dir='ltr'>ictum</span> <span class='ocrx_word' id='word_1_58' title='bbox 548 1065 709 1180; x_wconf 82' lang='lat' dir='ltr'>infligit.</span> <span class='ocrx_word' id='word_1_59' title='bbox 1433 1074 1435 1080; x_wconf 85' lang='lat'>&#39;</span> <span class='ocrx_word' id='word_1_60' title='bbox 1519 1141 1522 1146; x_wconf 85' lang='lat'><em>.</em></span> 
     </span>
    </p>

    <p class='ocr_par' dir='ltr' id='par_1_4' title="bbox 279 1177 1879 2330">
     <span class='ocr_line' id='line_1_9' title="bbox 279 1177 1879 1303; baseline 0.004 -39"><span class='ocrx_word' id='word_1_61' title='bbox 279 1195 281 1202; x_wconf 87' lang='lat'>&#39;</span> <span class='ocrx_word' id='word_1_62' title='bbox 401 1283 404 1290; x_wconf 21' lang='grc' dir='ltr'><strong><em>Ι</em></strong></span> <span class='ocrx_word' id='word_1_63' title='bbox 438 1184 722 1303; x_wconf 48' lang='grc' dir='ltr'>,Ψαριορῑοτ</span> <span class='ocrx_word' id='word_1_64' title='bbox 745 1181 995 1268; x_wconf 63' lang='lat' dir='ltr'>obviumsest</span> <span class='ocrx_word' id='word_1_65' title='bbox 1011 1187 1161 1298; x_wconf 90' lang='lat' dir='ltr'>cuique</span> <span class='ocrx_word' id='word_1_66' title='bbox 1177 1177 1374 1264; x_wconf 87' lang='lat' dir='ltr'>rationem</span> <span class='ocrx_word' id='word_1_67' title='bbox 1393 1180 1563 1264; x_wconf 81' lang='lat' dir='ltr'>reddere</span> <span class='ocrx_word' id='word_1_68' title='bbox 1580 1187 1773 1280; x_wconf 86' lang='lat' dir='ltr'>omnium,</span> <span class='ocrx_word' id='word_1_69' title='bbox 1878 1283 1879 1290; x_wconf 11' lang='grc' dir='ltr'><strong><em>Ν</em></strong></span> 
     </span>
     <span class='ocr_line' id='line_1_10' title="bbox 406 1293 1879 1412; baseline 0.001 -32"><span class='ocrx_word' id='word_1_70' title='bbox 406 1325 496 1410; x_wconf 84' lang='lat' dir='ltr'>quat</span> <span class='ocrx_word' id='word_1_71' title='bbox 509 1303 552 1378; x_wconf 90' lang='lat' dir='ltr'>in</span> <span class='ocrx_word' id='word_1_72' title='bbox 564 1296 653 1408; x_wconf 84' lang='lat' dir='ltr'>pilae</span> <span class='ocrx_word' id='word_1_73' title='bbox 665 1295 764 1382; x_wconf 91' lang='lat' dir='ltr'>ludo</span> <span class='ocrx_word' id='word_1_74' title='bbox 778 1303 1024 1410; x_wconf 88' lang='lat' dir='ltr'>contingunt</span> <span class='ocrx_word' id='word_1_75' title='bbox 1041 1305 1148 1384; x_wconf 85' lang='lat' dir='ltr'>circa</span> <span class='ocrx_word' id='word_1_76' title='bbox 1161 1293 1276 1380; x_wconf 88' lang='lat' dir='ltr'>saltus</span> <span class='ocrx_word' id='word_1_77' title='bbox 1288 1299 1331 1378; x_wconf 86' lang='lat' dir='ltr'>in</span> <span class='ocrx_word' id='word_1_78' title='bbox 1347 1301 1595 1407; x_wconf 88' lang='lat' dir='ltr'>pavimento,</span> <span class='ocrx_word' id='word_1_79' title='bbox 1608 1303 1651 1380; x_wconf 88' lang='lat' dir='ltr'>in</span> <span class='ocrx_word' id='word_1_80' title='bbox 1665 1300 1777 1412; x_wconf 87' lang='lat' dir='ltr'>quod</span> <span class='ocrx_word' id='word_1_81' title='bbox 1878 1343 1879 1396; x_wconf 73' lang='grc' dir='ltr'>ς</span> 
     </span>
     <span class='ocr_line' id='line_1_11' title="bbox 402 1405 1879 1527; baseline 0.003 -34"><span class='ocrx_word' id='word_1_82' title='bbox 402 1411 488 1524; x_wconf 85' lang='lat' dir='ltr'>pila</span> <span class='ocrx_word' id='word_1_83' title='bbox 505 1405 638 1496; x_wconf 70' lang='lat' dir='ltr'>emilia</span> <span class='ocrx_word' id='word_1_84' title='bbox 656 1413 833 1511; x_wconf 85' lang='lat' dir='ltr'>decidit,</span> <span class='ocrx_word' id='word_1_85' title='bbox 865 1424 906 1500; x_wconf 76' lang='grc' dir='ltr'>δι</span> <span class='ocrx_word' id='word_1_86' title='bbox 928 1411 1168 1498; x_wconf 85' lang='lat' dir='ltr'>reflexiones</span> <span class='ocrx_word' id='word_1_87' title='bbox 1191 1412 1242 1496; x_wconf 87' lang='lat' dir='ltr'>ad</span> <span class='ocrx_word' id='word_1_88' title='bbox 1259 1415 1479 1523; x_wconf 85' lang='lat' dir='ltr'>parietem,</span> <span class='ocrx_word' id='word_1_89' title='bbox 1501 1411 1545 1494; x_wconf 86' lang='lat' dir='ltr'>in</span> <span class='ocrx_word' id='word_1_90' title='bbox 1561 1441 1684 1527; x_wconf 88' lang='lat' dir='ltr'>quem</span> <span class='ocrx_word' id='word_1_91' title='bbox 1708 1413 1776 1496; x_wconf 82' lang='lat' dir='ltr'>illa</span> <span class='ocrx_word' id='word_1_92' title='bbox 1878 1405 1879 1434; x_wconf 54' lang='lat'>¹</span> 
     </span>
     <span class='ocr_line' id='line_1_12' title="bbox 405 1524 1776 1642; baseline 0.002 -33"><span class='ocrx_word' id='word_1_93' title='bbox 405 1527 655 1642; x_wconf 70' lang='lat' dir='ltr'>impingitur.</span> <span class='ocrx_word' id='word_1_94' title='bbox 684 1529 785 1610; x_wconf 92' lang='lat' dir='ltr'>Duo</span> <span class='ocrx_word' id='word_1_95' title='bbox 796 1555 931 1612; x_wconf 89' lang='lat' dir='ltr'>tamen</span> <span class='ocrx_word' id='word_1_96' title='bbox 943 1525 1186 1642; x_wconf 74' lang='lat' dir='ltr'>potillimum</span> <span class='ocrx_word' id='word_1_97' title='bbox 1199 1524 1406 1610; x_wconf 84' lang='lat' dir='ltr'>observare</span> <span class='ocrx_word' id='word_1_98' title='bbox 1420 1524 1565 1639; x_wconf 90' lang='lat' dir='ltr'>placet.</span> <span class='ocrx_word' id='word_1_99' title='bbox 1583 1525 1776 1624; x_wconf 76' lang='lat' dir='ltr'>Primlmr,</span> 
     </span>
     <span class='ocr_line' id='line_1_13' title="bbox 403 1639 1776 1760; baseline 0.004 -37"><span class='ocrx_word' id='word_1_100' title='bbox 403 1641 572 1754; x_wconf 88' lang='lat' dir='ltr'>quando</span> <span class='ocrx_word' id='word_1_101' title='bbox 583 1639 664 1756; x_wconf 87' lang='lat' dir='ltr'>pila</span> <span class='ocrx_word' id='word_1_102' title='bbox 674 1643 781 1727; x_wconf 86' lang='lat' dir='ltr'>cadit</span> <span class='ocrx_word' id='word_1_103' title='bbox 793 1641 960 1760; x_wconf 88' lang='lat' dir='ltr'>obliqua</span> <span class='ocrx_word' id='word_1_104' title='bbox 971 1647 1014 1725; x_wconf 92' lang='lat' dir='ltr'>in</span> <span class='ocrx_word' id='word_1_105' title='bbox 1026 1644 1305 1758; x_wconf 86' lang='lat' dir='ltr'>pavimentum</span> <span class='ocrx_word' id='word_1_106' title='bbox 1321 1669 1405 1721; x_wconf 91' lang='lat' dir='ltr'>non</span> <span class='ocrx_word' id='word_1_107' title='bbox 1414 1642 1556 1754; x_wconf 89' lang='lat' dir='ltr'>procul</span> <span class='ocrx_word' id='word_1_108' title='bbox 1576 1639 1776 1758; x_wconf 74' lang='lat' dir='ltr'>dpatiett,</span> 
     </span>
     <span class='ocr_line' id='line_1_14' title="bbox 406 1751 1777 1870; baseline 0 -28"><span class='ocrx_word' id='word_1_109' title='bbox 406 1755 510 1868; x_wconf 71' lang='lat' dir='ltr'>saepe</span> <span class='ocrx_word' id='word_1_110' title='bbox 537 1755 584 1838; x_wconf 92' lang='lat' dir='ltr'>fit</span> <span class='ocrx_word' id='word_1_111' title='bbox 608 1755 756 1870; x_wconf 87' lang='lat' dir='ltr'>duplex</span> <span class='ocrx_word' id='word_1_112' title='bbox 774 1756 964 1854; x_wconf 86' lang='lat' dir='ltr'>reflexio,</span> <span class='ocrx_word' id='word_1_113' title='bbox 982 1757 1105 1842; x_wconf 85' lang='lat' dir='ltr'>altera</span> <span class='ocrx_word' id='word_1_114' title='bbox 1122 1755 1274 1839; x_wconf 88' lang='lat' dir='ltr'>scilicet</span> <span class='ocrx_word' id='word_1_115' title='bbox 1291 1751 1314 1836; x_wconf 72' lang='lat' dir='ltr'>a</span> <span class='ocrx_word' id='word_1_116' title='bbox 1329 1759 1586 1870; x_wconf 87' lang='lat' dir='ltr'>pavimento,</span> <span class='ocrx_word' id='word_1_117' title='bbox 1607 1758 1732 1842; x_wconf 79' lang='lat' dir='ltr'>altera</span> <span class='ocrx_word' id='word_1_118' title='bbox 1754 1757 1777 1842; x_wconf 71' lang='lat' dir='ltr'>i</span> 
     </span>
     <span class='ocr_line' id='line_1_15' title="bbox 408 1867 1879 1988; baseline 0.002 -33"><span class='ocrx_word' id='word_1_119' title='bbox 408 1869 560 1988; x_wconf 85' lang='lat' dir='ltr'>pariete</span> <span class='ocrx_word' id='word_1_120' title='bbox 582 1907 591 1953; x_wconf 73' lang='grc' dir='ltr'><strong><em>ε</em></strong></span> <span class='ocrx_word' id='word_1_121' title='bbox 613 1899 663 1954; x_wconf 89' lang='lat' dir='ltr'>ex</span> <span class='ocrx_word' id='word_1_122' title='bbox 683 1901 765 1986; x_wconf 92' lang='lat' dir='ltr'>quo</span> <span class='ocrx_word' id='word_1_123' title='bbox 786 1872 859 1970; x_wconf 86' lang='lat' dir='ltr'>fit,</span> <span class='ocrx_word' id='word_1_124' title='bbox 888 1900 934 1956; x_wconf 91' lang='lat' dir='ltr'>ut</span> <span class='ocrx_word' id='word_1_125' title='bbox 957 1871 1038 1984; x_wconf 83' lang='lat' dir='ltr'>pila</span> <span class='ocrx_word' id='word_1_126' title='bbox 1060 1869 1279 1986; x_wconf 86' lang='lat' dir='ltr'>aliquando</span> <span class='ocrx_word' id='word_1_127' title='bbox 1297 1867 1420 1980; x_wconf 74' lang='lat' dir='ltr'>longe</span> <span class='ocrx_word' id='word_1_128' title='bbox 1436 1869 1621 1956; x_wconf 80' lang='lat' dir='ltr'>altiorem</span> <span class='ocrx_word' id='word_1_129' title='bbox 1636 1871 1778 1958; x_wconf 70' lang='lat' dir='ltr'>filtum</span> <span class='ocrx_word' id='word_1_130' title='bbox 1878 1947 1879 1982; x_wconf 20' lang='grc' dir='ltr'>ἰ</span> 
     </span>
     <span class='ocr_line' id='line_1_16' title="bbox 406 1983 1879 2101; baseline 0.001 -29"><span class='ocrx_word' id='word_1_131' title='bbox 406 1987 533 2086; x_wconf 89' lang='lat' dir='ltr'>edat,</span> <span class='ocrx_word' id='word_1_132' title='bbox 555 1983 583 2091; x_wconf 80' lang='lat' dir='ltr'>st</span> <span class='ocrx_word' id='word_1_133' title='bbox 603 1983 776 2070; x_wconf 88' lang='lat' dir='ltr'>multum</span> <span class='ocrx_word' id='word_1_134' title='bbox 795 1986 943 2072; x_wconf 89' lang='lat' dir='ltr'>habeat</span> <span class='ocrx_word' id='word_1_135' title='bbox 964 1985 1163 2100; x_wconf 64' lang='lat' dir='ltr'>impetum</span> <span class='ocrx_word' id='word_1_136' title='bbox 1183 1989 1279 2100; x_wconf 82' lang='lat' dir='ltr'>quia</span> <span class='ocrx_word' id='word_1_137' title='bbox 1298 1985 1488 2069; x_wconf 87' lang='lat' dir='ltr'>videlicet</span> <span class='ocrx_word' id='word_1_138' title='bbox 1504 1983 1529 2070; x_wconf 69' lang='lat' dir='ltr'>l</span> <span class='ocrx_word' id='word_1_139' title='bbox 1544 1992 1779 2101; x_wconf 84' lang='lat' dir='ltr'>pavimento</span> <span class='ocrx_word' id='word_1_140' title='bbox 1878 1985 1879 2048; x_wconf 76' lang='lat' dir='ltr'>l</span> 
     </span>
     <span class='ocr_line' id='line_1_17' title="bbox 408 2097 1879 2216; baseline 0.001 -30"><span class='ocrx_word' id='word_1_141' title='bbox 408 2097 651 2198; x_wconf 73' lang='lat' dir='ltr'>resiliens,s1</span> <span class='ocrx_word' id='word_1_142' title='bbox 668 2098 712 2184; x_wconf 85' lang='lat' dir='ltr'>in</span> <span class='ocrx_word' id='word_1_143' title='bbox 730 2106 923 2216; x_wconf 87' lang='lat' dir='ltr'>parietem</span> <span class='ocrx_word' id='word_1_144' title='bbox 939 2109 1024 2186; x_wconf 87' lang='lat' dir='ltr'>non</span> <span class='ocrx_word' id='word_1_145' title='bbox 1038 2109 1284 2194; x_wconf 85' lang='lat' dir='ltr'>incurreret,</span> <span class='ocrx_word' id='word_1_146' title='bbox 1304 2097 1453 2198; x_wconf 86' lang='lat' dir='ltr'>lineam</span> <span class='ocrx_word' id='word_1_147' title='bbox 1470 2131 1637 2200; x_wconf 80' lang='lat' dir='ltr'>curvam</span> <span class='ocrx_word' id='word_1_148' title='bbox 1653 2107 1696 2186; x_wconf 91' lang='lat' dir='ltr'>in</span> <span class='ocrx_word' id='word_1_149' title='bbox 1716 2132 1778 2186; x_wconf 87' lang='lat' dir='ltr'>re·</span> <span class='ocrx_word' id='word_1_150' title='bbox 1878 2145 1879 2170; x_wconf 51' lang='grc' dir='ltr'>ι</span> 
     </span>
     <span class='ocr_line' id='line_1_18' title="bbox 407 2211 1780 2330; baseline 0.001 -30"><span class='ocrx_word' id='word_1_151' title='bbox 407 2215 583 2300; x_wconf 88' lang='lat' dir='ltr'>flexione</span> <span class='ocrx_word' id='word_1_152' title='bbox 597 2211 825 2302; x_wconf 77' lang='lat' dir='ltr'>describent</span> <span class='ocrx_word' id='word_1_153' title='bbox 848 2221 889 2302; x_wconf 87' lang='lat' dir='ltr'>vi</span> <span class='ocrx_word' id='word_1_154' title='bbox 908 2215 985 2300; x_wconf 80' lang='lat' dir='ltr'>suae</span> <span class='ocrx_word' id='word_1_155' title='bbox 1005 2214 1209 2330; x_wconf 85' lang='lat' dir='ltr'>gravitatis</span> <span class='ocrx_word' id='word_1_156' title='bbox 1226 2213 1424 2327; x_wconf 80' lang='lat' dir='ltr'>impetum</span> <span class='ocrx_word' id='word_1_157' title='bbox 1437 2213 1683 2302; x_wconf 74' lang='lat' dir='ltr'>extrinsecus</span> <span class='ocrx_word' id='word_1_158' title='bbox 1700 2215 1780 2302; x_wconf 84' lang='lat' dir='ltr'>im-</span> 
     </span>
    </p>

    <p class='ocr_par' dir='ltr' id='par_1_5' title="bbox 382 2325 1786 2906">
     <span class='ocr_line' id='line_1_19' title="bbox 382 2325 1783 2445; baseline 0.002 -32"><span class='ocrx_word' id='word_1_159' title='bbox 382 2331 385 2344; x_wconf 83' lang='lat'>&#39;</span> <span class='ocrx_word' id='word_1_160' title='bbox 405 2325 580 2444; x_wconf 72' lang='lat' dir='ltr'>prelium</span> <span class='ocrx_word' id='word_1_161' title='bbox 592 2337 873 2445; x_wconf 75' lang='lat' dir='ltr'>temperantis,</span> <span class='ocrx_word' id='word_1_162' title='bbox 891 2332 1009 2422; x_wconf 70' lang='lat' dir='ltr'>citius</span> <span class='ocrx_word' id='word_1_163' title='bbox 1023 2333 1337 2445; x_wconf 87' lang='lat' dir='ltr'>deprimeretur,</span> <span class='ocrx_word' id='word_1_164' title='bbox 1351 2339 1393 2416; x_wconf 74' lang='grc' dir='ltr'>δι</span> <span class='ocrx_word' id='word_1_165' title='bbox 1407 2329 1571 2444; x_wconf 73' lang='lat' dir='ltr'>magici</span> <span class='ocrx_word' id='word_1_166' title='bbox 1585 2335 1783 2416; x_wconf 67' lang='lat' dir='ltr'>redorta·</span> 
     </span>
     <span class='ocr_line' id='line_1_20' title="bbox 407 2441 1782 2560; baseline 0.001 -30"><span class='ocrx_word' id='word_1_167' title='bbox 407 2445 508 2531; x_wconf 89' lang='lat' dir='ltr'>mite</span> <span class='ocrx_word' id='word_1_168' title='bbox 522 2443 706 2550; x_wconf 84' lang='lat' dir='ltr'>deorsum</span> <span class='ocrx_word' id='word_1_169' title='bbox 719 2445 971 2532; x_wconf 69' lang='lat' dir='ltr'>deflecteret:</span> <span class='ocrx_word' id='word_1_170' title='bbox 985 2474 1025 2530; x_wconf 85' lang='lat' dir='ltr'>at</span> <span class='ocrx_word' id='word_1_171' title='bbox 1041 2456 1136 2560; x_wconf 83' lang='lat' dir='ltr'>quia</span> <span class='ocrx_word' id='word_1_172' title='bbox 1179 2447 1355 2530; x_wconf 87' lang='lat' dir='ltr'>roximus</span> <span class='ocrx_word' id='word_1_173' title='bbox 1370 2451 1533 2558; x_wconf 90' lang='lat' dir='ltr'>ponitur</span> <span class='ocrx_word' id='word_1_174' title='bbox 1545 2441 1625 2530; x_wconf 78' lang='lat' dir='ltr'>effe</span> <span class='ocrx_word' id='word_1_175' title='bbox 1636 2453 1782 2560; x_wconf 84' lang='lat' dir='ltr'>paries,</span> 
     </span>
     <span class='ocr_line' id='line_1_21' title="bbox 408 2475 1782 2674; baseline 0.001 -28"><span class='ocrx_word' id='word_1_176' title='bbox 408 2561 517 2648; x_wconf 88' lang='lat' dir='ltr'>linea</span> <span class='ocrx_word' id='word_1_177' title='bbox 532 2557 676 2674; x_wconf 67' lang='lat' dir='ltr'>primda</span> <span class='ocrx_word' id='word_1_178' title='bbox 694 2563 842 2646; x_wconf 88' lang='lat' dir='ltr'>reflexa</span> <span class='ocrx_word' id='word_1_179' title='bbox 869 2565 1053 2646; x_wconf 90' lang='lat' dir='ltr'>nondum</span> <span class='ocrx_word' id='word_1_180' title='bbox 1074 2475 1217 2665; x_wconf 40' lang='lat' dir='ltr'>diligire</span> <span class='ocrx_word' id='word_1_181' title='bbox 1232 2558 1464 2644; x_wconf 86' lang='lat' dir='ltr'>notabiliter</span> <span class='ocrx_word' id='word_1_182' title='bbox 1485 2559 1635 2648; x_wconf 67' lang='lat' dir='ltr'>allrned</span> <span class='ocrx_word' id='word_1_183' title='bbox 1653 2565 1782 2658; x_wconf 72' lang='lat' dir='ltr'>reeta,</span> 
     </span>
     <span class='ocr_line' id='line_1_22' title="bbox 407 2673 1786 2792; baseline -0.001 -27"><span class='ocrx_word' id='word_1_184' title='bbox 407 2691 533 2790; x_wconf 63' lang='lat' dir='ltr'>atque</span> <span class='ocrx_word' id='word_1_185' title='bbox 552 2677 776 2790; x_wconf 89' lang='lat' dir='ltr'>proindein</span> <span class='ocrx_word' id='word_1_186' title='bbox 789 2675 962 2762; x_wconf 65' lang='lat' dir='ltr'>secundi</span> <span class='ocrx_word' id='word_1_187' title='bbox 977 2675 1197 2761; x_wconf 79' lang='lat' dir='ltr'>reflexione</span> <span class='ocrx_word' id='word_1_188' title='bbox 1213 2673 1331 2764; x_wconf 72' lang='lat' dir='ltr'>altitu</span> <span class='ocrx_word' id='word_1_189' title='bbox 1345 2677 1430 2790; x_wconf 87' lang='lat' dir='ltr'>pila</span> <span class='ocrx_word' id='word_1_190' title='bbox 1445 2675 1636 2789; x_wconf 79' lang='lat' dir='ltr'>allutgit‚</span> <span class='ocrx_word' id='word_1_191' title='bbox 1657 2678 1786 2792; x_wconf 73' lang='lat' dir='ltr'>quim</span> 
     </span>
     <span class='ocr_line' id='line_1_23' title="bbox 411 2781 1786 2906; baseline 0.001 -30"><span class='ocrx_word' id='word_1_192' title='bbox 411 2781 679 2904; x_wconf 72' lang='lat' dir='ltr'>dpavimcnt&#39;o</span> <span class='ocrx_word' id='word_1_193' title='bbox 692 2789 855 2875; x_wconf 86' lang='lat' dir='ltr'>distaret</span> <span class='ocrx_word' id='word_1_194' title='bbox 867 2821 968 2904; x_wconf 83' lang='lat' dir='ltr'>apex</span> <span class='ocrx_word' id='word_1_195' title='bbox 985 2790 1100 2876; x_wconf 83' lang='lat' dir='ltr'>lineat</span> <span class='ocrx_word' id='word_1_196' title='bbox 1113 2821 1244 2876; x_wconf 83' lang='lat' dir='ltr'>curvae</span> <span class='ocrx_word' id='word_1_197' title='bbox 1257 2851 1268 2888; x_wconf 87' lang='lat'>‚</span> <span class='ocrx_word' id='word_1_198' title='bbox 1283 2819 1372 2904; x_wconf 86' lang='lat' dir='ltr'>quae</span> <span class='ocrx_word' id='word_1_199' title='bbox 1387 2820 1437 2874; x_wconf 89' lang='lat' dir='ltr'>ex</span> <span class='ocrx_word' id='word_1_200' title='bbox 1450 2793 1579 2906; x_wconf 62' lang='lat' dir='ltr'>primi</span> <span class='ocrx_word' id='word_1_201' title='bbox 1591 2791 1786 2878; x_wconf 82' lang='lat' dir='ltr'>reflexio-</span> 
     </span>
    </p>

    <p class='ocr_par' dir='ltr' id='par_1_6' title="bbox 292 2901 1787 3248">
     <span class='ocr_line' id='line_1_24' title="bbox 292 2901 1787 3022; baseline 0 -30"><span class='ocrx_word' id='word_1_202' title='bbox 292 2983 295 2992; x_wconf 70' lang='lat'>,</span> <span class='ocrx_word' id='word_1_203' title='bbox 409 2901 791 3000; x_wconf 73' lang='lat' dir='ltr'>nedeseribereturt</span> <span class='ocrx_word' id='word_1_204' title='bbox 810 2905 1083 2990; x_wconf 77' lang='lat' dir='ltr'>namdireuio</span> <span class='ocrx_word' id='word_1_205' title='bbox 1098 2905 1164 2992; x_wconf 85' lang='lat' dir='ltr'>illa</span> <span class='ocrx_word' id='word_1_206' title='bbox 1181 2901 1787 3022; x_wconf 80' lang='lat' dir='ltr'>secundamagiselevatalirpra</span> 
     </span>
     <span class='ocr_line' id='line_1_25' title="bbox 409 3016 1785 3136; baseline 0.003 -34"><span class='ocrx_word' id='word_1_207' title='bbox 409 3024 669 3111; x_wconf 89' lang='lat' dir='ltr'>horizontem</span> <span class='ocrx_word' id='word_1_208' title='bbox 686 3019 820 3108; x_wconf 78' lang='lat' dir='ltr'>minias</span> <span class='ocrx_word' id='word_1_209' title='bbox 843 3025 1041 3135; x_wconf 88' lang='lat' dir='ltr'>permittit</span> <span class='ocrx_word' id='word_1_210' title='bbox 1054 3016 1215 3136; x_wconf 77' lang='lat' dir='ltr'>pilamtl</span> <span class='ocrx_word' id='word_1_211' title='bbox 1235 3017 1341 3104; x_wconf 68' lang='lat' dir='ltr'>reeta</span> <span class='ocrx_word' id='word_1_212' title='bbox 1365 3019 1468 3106; x_wconf 77' lang='lat' dir='ltr'>linetl</span> <span class='ocrx_word' id='word_1_213' title='bbox 1488 3023 1723 3116; x_wconf 75' lang='lat' dir='ltr'>declinaret</span> <span class='ocrx_word' id='word_1_214' title='bbox 1739 3054 1785 3108; x_wconf 88' lang='lat' dir='ltr'>ut</span> 
     </span>
     <span class='ocr_line' id='line_1_26' title="bbox 409 3133 1783 3248; baseline 0.001 -28"><span class='ocrx_word' id='word_1_215' title='bbox 409 3137 456 3224; x_wconf 84' lang='lat' dir='ltr'>in</span> <span class='ocrx_word' id='word_1_216' title='bbox 473 3133 702 3218; x_wconf 80' lang='lat' dir='ltr'>balistarum</span> <span class='ocrx_word' id='word_1_217' title='bbox 728 3145 770 3220; x_wconf 72' lang='grc' dir='ltr'>δι</span> <span class='ocrx_word' id='word_1_218' title='bbox 792 3135 1104 3224; x_wconf 77' lang='lat' dir='ltr'>bombardarum&#39;</span> <span class='ocrx_word' id='word_1_219' title='bbox 1120 3133 1250 3248; x_wconf 82' lang='lat' dir='ltr'>globis</span> <span class='ocrx_word' id='word_1_220' title='bbox 1273 3163 1369 3218; x_wconf 90' lang='lat' dir='ltr'>cum</span> <span class='ocrx_word' id='word_1_221' title='bbox 1395 3139 1538 3243; x_wconf 86' lang='lat' dir='ltr'>majori</span> <span class='ocrx_word' id='word_1_222' title='bbox 1554 3137 1783 3228; x_wconf 77' lang='lat' dir='ltr'>elevatione</span> 
     </span>
    </p>

    <p class='ocr_par' dir='ltr' id='par_1_7' title="bbox 396 3248 1879 3711">
     <span class='ocr_line' id='line_1_27' title="bbox 396 3248 1783 3368; baseline 0 -30"><span class='ocrx_word' id='word_1_223' title='bbox 396 3249 552 3338; x_wconf 68' lang='lat' dir='ltr'>&#39;emillts</span> <span class='ocrx_word' id='word_1_224' title='bbox 567 3248 734 3333; x_wconf 86' lang='lat' dir='ltr'>constat.</span> <span class='ocrx_word' id='word_1_225' title='bbox 764 3249 931 3337; x_wconf 87' lang='lat' dir='ltr'>Deinde</span> <span class='ocrx_word' id='word_1_226' title='bbox 949 3253 1114 3368; x_wconf 87' lang='lat' dir='ltr'>quando</span> <span class='ocrx_word' id='word_1_227' title='bbox 1127 3248 1305 3336; x_wconf 83' lang='lat' dir='ltr'>reticulis</span> <span class='ocrx_word' id='word_1_228' title='bbox 1320 3249 1496 3349; x_wconf 87' lang='lat' dir='ltr'>luditur,</span> <span class='ocrx_word' id='word_1_229' title='bbox 1511 3281 1594 3338; x_wconf 90' lang='lat' dir='ltr'>non</span> <span class='ocrx_word' id='word_1_230' title='bbox 1608 3249 1704 3336; x_wconf 78' lang='lat' dir='ltr'>rard</span> <span class='ocrx_word' id='word_1_231' title='bbox 1718 3286 1783 3338; x_wconf 78' lang='lat' dir='ltr'>te—</span> 
     </span>
     <span class='ocr_line' id='line_1_28' title="bbox 411 3362 1879 3481; baseline 0 -29"><span class='ocrx_word' id='word_1_232' title='bbox 411 3362 583 3452; x_wconf 87' lang='lat' dir='ltr'>ticulum</span> <span class='ocrx_word' id='word_1_233' title='bbox 602 3395 788 3449; x_wconf 90' lang='lat' dir='ltr'>movetur</span> <span class='ocrx_word' id='word_1_234' title='bbox 813 3371 856 3451; x_wconf 91' lang='lat' dir='ltr'>in</span> <span class='ocrx_word' id='word_1_235' title='bbox 869 3365 1140 3481; x_wconf 76' lang='lat' dir='ltr'>plano-aliquo</span> <span class='ocrx_word' id='word_1_236' title='bbox 1158 3363 1403 3453; x_wconf 88' lang='lat' dir='ltr'>horizontali</span> <span class='ocrx_word' id='word_1_237' title='bbox 1415 3426 1426 3463; x_wconf 96' lang='lat'>,</span> <span class='ocrx_word' id='word_1_238' title='bbox 1440 3393 1510 3450; x_wconf 88' lang='lat' dir='ltr'>aut</span> <span class='ocrx_word' id='word_1_239' title='bbox 1524 3365 1642 3454; x_wconf 81' lang='lat' dir='ltr'>valde</span> <span class='ocrx_word' id='word_1_240' title='bbox 1659 3369 1782 3452; x_wconf 89' lang='lat' dir='ltr'>incli-</span> <span class='ocrx_word' id='word_1_241' title='bbox 1878 3395 1879 3400; x_wconf 66' lang='lat'>‘</span> 
     </span>
     <span class='ocr_line' id='line_1_29' title="bbox 410 3478 1786 3588; baseline 0.003 -24"><span class='ocrx_word' id='word_1_242' title='bbox 410 3505 508 3586; x_wconf 88' lang='lat' dir='ltr'>nato</span> <span class='ocrx_word' id='word_1_243' title='bbox 529 3488 628 3576; x_wconf 81' lang='lat' dir='ltr'>(nos</span> <span class='ocrx_word' id='word_1_244' title='bbox 641 3479 728 3563; x_wconf 81' lang='lat' dir='ltr'>Itali</span> <span class='ocrx_word' id='word_1_245' title='bbox 754 3479 925 3566; x_wconf 84' lang='lat' dir='ltr'>dicimus</span> <span class='ocrx_word' id='word_1_246' title='bbox 940 3483 1137 3588; x_wconf 71' lang='lat' dir='ltr'>ragltare.</span> <span class='ocrx_word' id='word_1_247' title='bbox 1165 3478 1183 3560; x_wconf 79' lang='grc' dir='ltr'><em>ὃ</em></span> <span class='ocrx_word' id='word_1_248' title='bbox 1204 3483 1387 3560; x_wconf 78' lang='lat' dir='ltr'>Trinct&#39;art</span> <span class='ocrx_word' id='word_1_249' title='bbox 1402 3503 1478 3556; x_wconf 81' lang='lat' dir='ltr'>rma</span> <span class='ocrx_word' id='word_1_250' title='bbox 1493 3481 1621 3587; x_wconf 71' lang='lat' dir='ltr'>palu)</span> <span class='ocrx_word' id='word_1_251' title='bbox 1650 3481 1710 3568; x_wconf 80' lang='lat' dir='ltr'>ita</span> <span class='ocrx_word' id='word_1_252' title='bbox 1728 3513 1786 3580; x_wconf 90' lang='lat' dir='ltr'>ut,</span> 
     </span>
     <span class='ocr_line' id='line_1_30' title="bbox 411 3592 1781 3711; baseline 0.001 -29"><span class='ocrx_word' id='word_1_253' title='bbox 411 3599 511 3682; x_wconf 90' lang='lat' dir='ltr'>dum</span> <span class='ocrx_word' id='word_1_254' title='bbox 523 3592 643 3710; x_wconf 88' lang='lat' dir='ltr'>pilam</span> <span class='ocrx_word' id='word_1_255' title='bbox 655 3593 761 3680; x_wconf 72' lang='lat' dir='ltr'>reelrl</span> <span class='ocrx_word' id='word_1_256' title='bbox 771 3597 956 3709; x_wconf 88' lang='lat' dir='ltr'>expellit,</span> <span class='ocrx_word' id='word_1_257' title='bbox 967 3594 1026 3682; x_wconf 86' lang='lat' dir='ltr'>illi</span> <span class='ocrx_word' id='word_1_258' title='bbox 1040 3601 1161 3680; x_wconf 88' lang='lat' dir='ltr'>etiam</span> <span class='ocrx_word' id='word_1_259' title='bbox 1174 3625 1330 3684; x_wconf 88' lang='lat' dir='ltr'>motum</span> <span class='ocrx_word' id='word_1_260' title='bbox 1343 3597 1547 3708; x_wconf 83' lang='lat' dir='ltr'>quendam</span> <span class='ocrx_word' id='word_1_261' title='bbox 1563 3602 1781 3711; x_wconf 84' lang='lat' dir='ltr'>imprimat,</span> 
     </span>
    </p>

    <p class='ocr_par' dir='ltr' id='par_1_8' title="bbox 376 3704 1879 3826">
     <span class='ocr_line' id='line_1_31' title="bbox 376 3704 1879 3826; baseline 0.003 -34"><span class='ocrx_word' id='word_1_262' title='bbox 376 3775 377 3778; x_wconf 15' lang='lat' dir='ltr'>a</span> <span class='ocrx_word' id='word_1_263' title='bbox 409 3739 496 3826; x_wconf 90' lang='lat' dir='ltr'>quo</span> <span class='ocrx_word' id='word_1_264' title='bbox 506 3705 593 3824; x_wconf 83' lang='lat' dir='ltr'>ipsa&#39;</span> <span class='ocrx_word' id='word_1_265' title='bbox 597 3712 703 3792; x_wconf 85' lang='lat' dir='ltr'>circa</span> <span class='ocrx_word' id='word_1_266' title='bbox 715 3704 828 3819; x_wconf 81' lang='lat' dir='ltr'>suum</span> <span class='ocrx_word' id='word_1_267' title='bbox 839 3739 1025 3796; x_wconf 84' lang='lat' dir='ltr'>centrum</span> <span class='ocrx_word' id='word_1_268' title='bbox 1040 3739 1251 3796; x_wconf 83' lang='lat' dir='ltr'>moveturt</span> <span class='ocrx_word' id='word_1_269' title='bbox 1273 3712 1383 3794; x_wconf 85' lang='lat' dir='ltr'>unde</span> <span class='ocrx_word' id='word_1_270' title='bbox 1402 3711 1472 3808; x_wconf 86' lang='lat' dir='ltr'>fit,</span> <span class='ocrx_word' id='word_1_271' title='bbox 1486 3739 1553 3810; x_wconf 90' lang='lat' dir='ltr'>ut,</span> <span class='ocrx_word' id='word_1_272' title='bbox 1567 3709 1642 3796; x_wconf 85' lang='lat' dir='ltr'>nist</span> <span class='ocrx_word' id='word_1_273' title='bbox 1657 3713 1785 3826; x_wconf 77' lang='lat' dir='ltr'>pilam</span> <span class='ocrx_word' id='word_1_274' title='bbox 1878 3797 1879 3806; x_wconf 44' lang='lat'>,</span> 
     </span>
    </p>

    <p class='ocr_par' dir='ltr' id='par_1_9' title="bbox 413 3823 1789 3943">
     <span class='ocr_line' id='line_1_32' title="bbox 413 3823 1789 3943; baseline 0 -31"><span class='ocrx_word' id='word_1_275' title='bbox 413 3827 611 3939; x_wconf 85' lang='lat' dir='ltr'>excipias,</span> <span class='ocrx_word' id='word_1_276' title='bbox 626 3823 977 3940; x_wconf 71' lang='lat' dir='ltr'>repelllsqueante</span> <span class='ocrx_word' id='word_1_277' title='bbox 991 3889 1003 3926; x_wconf 92' lang='lat'>,</span> <span class='ocrx_word' id='word_1_278' title='bbox 1015 3825 1137 3943; x_wconf 65' lang='lat' dir='ltr'>quim</span> <span class='ocrx_word' id='word_1_279' title='bbox 1154 3831 1429 3940; x_wconf 84' lang='lat' dir='ltr'>pavimentum</span> <span class='ocrx_word' id='word_1_280' title='bbox 1443 3827 1789 3938; x_wconf 81' lang='lat' dir='ltr'>attingat,frustra</span> 
     </span>
    </p>

    <p class='ocr_par' dir='ltr' id='par_1_10' title="bbox 409 3933 1791 4401">
     <span class='ocr_line' id='line_1_33' title="bbox 409 3933 1788 4059; baseline -0.001 -31"><span class='ocrx_word' id='word_1_281' title='bbox 409 3941 561 4028; x_wconf 86' lang='lat' dir='ltr'>deinde</span> <span class='ocrx_word' id='word_1_282' title='bbox 577 3933 717 4021; x_wconf 86' lang='lat' dir='ltr'>saltum</span> <span class='ocrx_word' id='word_1_283' title='bbox 731 3939 836 4024; x_wconf 88' lang='lat' dir='ltr'>illius</span> <span class='ocrx_word' id='word_1_284' title='bbox 848 3943 1031 4056; x_wconf 65' lang='lat' dir='ltr'>expelles</span> <span class='ocrx_word' id='word_1_285' title='bbox 1043 3945 1158 4052; x_wconf 77' lang='lat' dir='ltr'>juxta</span> <span class='ocrx_word' id='word_1_286' title='bbox 1170 3941 1326 4055; x_wconf 88' lang='lat' dir='ltr'>regulas</span> <span class='ocrx_word' id='word_1_287' title='bbox 1338 3938 1588 4038; x_wconf 73' lang='lat' dir='ltr'>relictionis,</span> <span class='ocrx_word' id='word_1_288' title='bbox 1604 3947 1702 4059; x_wconf 86' lang='lat' dir='ltr'>quia</span> <span class='ocrx_word' id='word_1_289' title='bbox 1720 3945 1788 4029; x_wconf 85' lang='lat' dir='ltr'>ni-</span> 
     </span>
     <span class='ocr_line' id='line_1_34' title="bbox 413 4049 1790 4172; baseline 0.002 -31"><span class='ocrx_word' id='word_1_290' title='bbox 413 4051 560 4141; x_wconf 86' lang='lat' dir='ltr'>mitum</span> <span class='ocrx_word' id='word_1_291' title='bbox 584 4049 664 4166; x_wconf 85' lang='lat' dir='ltr'>pila</span> <span class='ocrx_word' id='word_1_292' title='bbox 692 4081 837 4138; x_wconf 89' lang='lat' dir='ltr'>tertam</span> <span class='ocrx_word' id='word_1_293' title='bbox 863 4083 1057 4170; x_wconf 76' lang='lat' dir='ltr'>tangent,</span> <span class='ocrx_word' id='word_1_294' title='bbox 1083 4059 1182 4142; x_wconf 88' lang='lat' dir='ltr'>dum</span> <span class='ocrx_word' id='word_1_295' title='bbox 1207 4061 1340 4172; x_wconf 86' lang='lat' dir='ltr'>pergit</span> <span class='ocrx_word' id='word_1_296' title='bbox 1364 4056 1520 4141; x_wconf 88' lang='lat' dir='ltr'>moveri</span> <span class='ocrx_word' id='word_1_297' title='bbox 1543 4062 1650 4142; x_wconf 88' lang='lat' dir='ltr'>circa</span> <span class='ocrx_word' id='word_1_298' title='bbox 1671 4057 1790 4144; x_wconf 90' lang='lat' dir='ltr'>suum</span> 
     </span>
     <span class='ocr_line' id='line_1_35' title="bbox 414 4167 1791 4287; baseline 0.003 -31"><span class='ocrx_word' id='word_1_299' title='bbox 414 4169 599 4256; x_wconf 84' lang='lat' dir='ltr'>centrum</span> <span class='ocrx_word' id='word_1_300' title='bbox 616 4167 728 4252; x_wconf 86' lang='lat' dir='ltr'>motu</span> <span class='ocrx_word' id='word_1_301' title='bbox 753 4169 990 4270; x_wconf 80' lang='lat' dir='ltr'>orbiculari,</span> <span class='ocrx_word' id='word_1_302' title='bbox 1006 4171 1186 4287; x_wconf 72' lang='lat' dir='ltr'>nequitd</span> <span class='ocrx_word' id='word_1_303' title='bbox 1207 4171 1328 4286; x_wconf 86' lang='lat' dir='ltr'>plano</span> <span class='ocrx_word' id='word_1_304' title='bbox 1342 4173 1591 4282; x_wconf 80' lang='lat' dir='ltr'>impediente</span> <span class='ocrx_word' id='word_1_305' title='bbox 1606 4173 1791 4280; x_wconf 76' lang='lat' dir='ltr'>recipere</span> 
     </span>
     <span class='ocr_line' id='line_1_36' title="bbox 412 4281 1791 4401; baseline 0.005 -31"><span class='ocrx_word' id='word_1_306' title='bbox 412 4287 676 4376; x_wconf 75' lang='lat' dir='ltr'>direclionem</span> <span class='ocrx_word' id='word_1_307' title='bbox 693 4282 831 4383; x_wconf 86' lang='lat' dir='ltr'>illam,</span> <span class='ocrx_word' id='word_1_308' title='bbox 866 4283 1090 4390; x_wconf 76' lang='lat' dir='ltr'>cujutclset</span> <span class='ocrx_word' id='word_1_309' title='bbox 1106 4317 1252 4401; x_wconf 80' lang='lat' dir='ltr'>capax,</span> <span class='ocrx_word' id='word_1_310' title='bbox 1275 4287 1301 4368; x_wconf 81' lang='lat' dir='ltr'>fi</span> <span class='ocrx_word' id='word_1_311' title='bbox 1329 4281 1454 4369; x_wconf 79' lang='lat' dir='ltr'>solinu</span> <span class='ocrx_word' id='word_1_312' title='bbox 1480 4287 1650 4398; x_wconf 74' lang='lat' dir='ltr'>simplici</span> <span class='ocrx_word' id='word_1_313' title='bbox 1671 4319 1791 4377; x_wconf 88' lang='lat' dir='ltr'>motu</span> 
     </span>
    </p>

    <p class='ocr_par' dir='ltr' id='par_1_11' title="bbox 352 4395 1792 4516">
     <span class='ocr_line' id='line_1_37' title="bbox 352 4395 1792 4516; baseline 0.008 -37"><span class='ocrx_word' id='word_1_314' title='bbox 352 4471 356 4479; x_wconf 86' lang='lat'>.</span> <span class='ocrx_word' id='word_1_315' title='bbox 414 4398 545 4488; x_wconf 88' lang='lat' dir='ltr'>centri</span> <span class='ocrx_word' id='word_1_316' title='bbox 559 4427 667 4482; x_wconf 91' lang='lat' dir='ltr'>mota</span> <span class='ocrx_word' id='word_1_317' title='bbox 680 4395 979 4496; x_wconf 70' lang='lat' dir='ltr'>foilletrmotus</span> <span class='ocrx_word' id='word_1_318' title='bbox 992 4402 1102 4486; x_wconf 86' lang='lat' dir='ltr'>enim</span> <span class='ocrx_word' id='word_1_319' title='bbox 1115 4400 1476 4516; x_wconf 69' lang='lat' dir='ltr'>periphetinglobi</span> <span class='ocrx_word' id='word_1_320' title='bbox 1490 4405 1792 4490; x_wconf 83' lang='lat' dir='ltr'>contrariusest</span> 
     </span>
    </p>

    <p class='ocr_par' dir='ltr' id='par_1_12' title="bbox 412 4513 1790 4630">
     <span class='ocr_line' id='line_1_38' title="bbox 412 4513 1790 4630; baseline 0.004 -29"><span class='ocrx_word' id='word_1_321' title='bbox 412 4521 542 4601; x_wconf 87' lang='lat' dir='ltr'>motui</span> <span class='ocrx_word' id='word_1_322' title='bbox 561 4519 699 4600; x_wconf 87' lang='lat' dir='ltr'>centri.</span> <span class='ocrx_word' id='word_1_323' title='bbox 732 4515 843 4600; x_wconf 86' lang='lat' dir='ltr'>ldctn</span> <span class='ocrx_word' id='word_1_324' title='bbox 855 4519 1006 4616; x_wconf 80' lang='lat' dir='ltr'>&#39;accidit</span> <span class='ocrx_word' id='word_1_325' title='bbox 1027 4519 1189 4630; x_wconf 79' lang='lat' dir='ltr'>quando</span> <span class='ocrx_word' id='word_1_326' title='bbox 1206 4516 1284 4630; x_wconf 85' lang='lat' dir='ltr'>pila</span> <span class='ocrx_word' id='word_1_327' title='bbox 1299 4517 1449 4600; x_wconf 87' lang='lat' dir='ltr'>leviore</span> <span class='ocrx_word' id='word_1_328' title='bbox 1461 4513 1625 4604; x_wconf 73' lang='lat' dir='ltr'>affricta</span> <span class='ocrx_word' id='word_1_329' title='bbox 1642 4520 1790 4606; x_wconf 82' lang='lat' dir='ltr'>firnem</span> 
     </span>
    </p>

    <p class='ocr_par' dir='ltr' id='par_1_13' title="bbox 278 4628 1790 4756">
     <span class='ocr_line' id='line_1_39' title="bbox 278 4628 1790 4756; baseline 0.003 -41"><span class='ocrx_word' id='word_1_330' title='bbox 278 4723 280 4732; x_wconf 50' lang='grc'>,</span> <span class='ocrx_word' id='word_1_331' title='bbox 412 4628 1790 4756; x_wconf 69' lang='lat' dir='ltr'>perstringitttu&#39;ncscilicetconcipitmotumcirtularem,adeoque</span> 
     </span>
    </p>
   </div>
   <div class='ocr_carea' id='block_1_2' title="bbox 1666 4747 1788 4834">
    <p class='ocr_par' dir='ltr' id='par_1_14' title="bbox 1666 4747 1788 4834">
     <span class='ocr_line' id='line_1_40' title="bbox 1666 4747 1788 4834; baseline 0 0"><span class='ocrx_word' id='word_1_332' title='bbox 1666 4747 1788 4834; x_wconf 83' lang='lat' dir='ltr'>saltus</span> 
     </span>
    </p>
   </div>
   <div class='ocr_carea' id='block_1_3' title="bbox 0 0 1904 5270">
    <p class='ocr_par' dir='ltr' id='par_1_15' title="bbox 0 0 1904 5270">
     <span class='ocr_line' id='line_1_41' title="bbox 0 0 1904 5270; baseline 0 0"><span class='ocrx_word' id='word_1_333' title='bbox 0 0 1904 5270; x_wconf 95' lang='lat' dir='ltr'> </span> 
     </span>
    </p>
   </div>
  </div>
 </body>
</html>
