3794 5266
403 193 562 312 Liber
577 185 814 372 quaram.
854 119 1069 316 ChPuT
1097 195 1293 314 XVII.
1418 241 1529 348 477
1643 196 1647 205 ¹

148 361 237 462 est,
253 351 309 448 ed
322 355 485 472 longior
500 359 720 448 adhibetur
734 359 911 459 rudens,
930 385 978 446 ut
994 358 1198 448 difficilihs
1211 362 1464 466 intendatur,
1482 397 1533 456 ac

149 480 320 577 idcirco¹
348 474 554 562 stadionis
587 476 772 595 periculo
803 475 938 563 minhs
971 475 1172 586 obnoxius
1210 477 1258 562 srt
1293 541 1305 580 ,
1341 490 1383 568 δι
1414 489 1530 573 venti

151 593 407 683 fluctuumve
425 597 603 710 impetus
618 597 663 677 in
688 594 861 678 rudente
887 592 1141 678 intendendo
1165 591 1282 678 elisus
1307 601 1442 684 minus
1463 606 1528 686 vi·-

148 716 260 796 rium
276 709 426 794 habeat
440 711 494 794 ad
510 707 744 826 rapiendam
763 707 880 794 simul
899 737 995 794 cum
1016 712 1111 794 navi
1131 711 1364 797 anchoram.
1408 717 1528 803 Hinc

147 831 340 938 ingentes
361 823 516 910 bellicae
530 855 654 912 naves
674 829 720 911 in
736 828 909 912 Oceano
924 822 1012 910 fere
1033 823 1187 940 semper
1201 830 1430 942 primariam
1454 863 1528 918 an·

146 943 320 1030 choram
336 940 581 1040 demittunt,
599 952 641 1029 ἃ
661 969 741 1026 tres
752 967 824 1026 aut
843 969 1018 1056 quatuor
1032 943 1224 1028 rudentes
1239 943 1437 1056 capitibus
1456 953 1525 1031 in-

147 1063 286 1142 vicem
301 1053 470 1140 firmiter
481 1057 733 1171 colligatisin
748 1085 873 1142 unam
883 1055 1184 1168 longitudinem
1196 1061 1525 1176 produslosadJi-

145 1178 293 1268 ciuntr
312 1171 382 1260 vix
394 1176 507 1260 enim
521 1201 632 1258 tanta
649 1169 726 1258 else
741 1170 873 1290 potest
889 1169 1089 1256 fluorum
1101 1202 1171 1258 ant
1189 1180 1301 1258 venti
1324 1180 1408 1276 vis,
1434 1208 1526 1294 quae

147 1285 282 1375 valeat
300 1317 383 1374 tam
395 1287 564 1402 longum
583 1289 798 1376 rudentem
816 1291 1030 1374 intendere
1043 1317 1165 1402 atque
1177 1290 1431 1406 dirumpere,
1449 1295 1525 1381 nist

141 1401 256 1498 sorte
269 1405 321 1493 ad
337 1403 451 1488 navis
468 1403 571 1488 latus
582 1433 653 1488 aut
668 1406 719 1490 ad
736 1402 944 1518 scopulum
956 1401 1114 1512 collisus
1128 1433 1331 1491 atteratur.
1352 1411 1398 1492 ld
1410 1413 1524 1524 quod

51 1607 54 1610 .
143 1519 235 1606 aliis
251 1525 559 1638 quoquenautis
570 1518 703 1636 placer
719 1518 805 1605 thm
819 1547 982 1633 propter
996 1521 1167 1604 eaodem
1182 1519 1359 1620 causam,
1379 1522 1467 1612 tiam
1478 1557 1525 1616 ut

145 1633 350 1748 longihsd
367 1637 504 1720 littore
515 1635 729 1720 consistere
739 1635 854 1750 poffit
867 1638 1002 1733 navis,
1028 1645 1068 1720 dc
1085 1635 1263 1722 anchora
1280 1667 1410 1724 arenae
1422 1640 1519 1730 infi-

147 1750 694 1866 gi,etiamsraltiorsrtaqua.
733 1751 843 1836 Mihi
856 1746 1163 1863 sanccontingit
1177 1781 1389 1838 nautarum
1403 1762 1521 1844 incu-

146 1872 249 1951 riam
262 1873 436 1984 experiri
454 1873 499 1954 in
512 1865 607 1952 Albi
630 1864 780 1962 fluvios
793 1863 1009 1954 choretim
1019 1867 1240 1950 anchoram
1256 1867 1437 1955 breviore
1450 1903 1519 1958 ru-

142 1983 271 2070 dente
286 1979 554 2082 demisrlsent,
575 1985 773 2066 nosturno
787 1984 906 2066 maris
919 1977 1015 2064 aestu
1029 1979 1522 2074 intumescentibusundis

142 2097 204 2182 ita
217 2098 420 2184 elevatum
435 2097 496 2184 est
508 2103 744 2208 navigium,
772 2113 880 2180 u'terr
897 2093 1014 2208 ptorrl
1036 2099 1233 2210 penderet
1251 2095 1430 2214 suspensa
1444 2133 1519 2190 an-

143 2215 295 2314 chora,
312 2213 467 2331 nosque
480 2211 728 2328 dormientes
742 2210 858 2297 aessus
875 2213 1096 2326 abriperetr
1111 2241 1211 2328 quos
1227 2215 1391 2300 demum
1406 2225 1520 2304 exci-

142 2357 187 2415 ta
219 2329 396 2444 'tfragor
406 2361 456 2417 ex
469 2327 676 2414 collisione
692 2327 920 2414 cumaltero
934 2325 1175 2439 navigio,in
1189 2333 1298 2444 quod
1312 2338 1517 2433 tantoim-

139 2474 243 2564 pecu
264 2445 423 2560 'mpam
441 2443 605 2544 fuimus,
617 2473 663 2528 ut
680 2443 852 2560 abrupto
865 2441 963 2528 fune
975 2440 1161 2558 scapham
1174 2441 1433 2548 amiserimus.

204 2556 285 2646 Sed
299 2564 410 2676 quod
430 2563 479 2646 ad
498 2561 686 2646 anchora:
696 2559 868 2646 formam
883 2559 1049 2658 attinet,
1065 2589 1146 2642 non
1164 2561 1308 2648 cadero
1328 2563 1520 2650 omnibus

139 2675 204 2762 est
216 2677 345 2790 figura
353 2711 365 2771 3
380 2682 540 2789 navigia
553 2675 678 2774 enim,
690 2705 865 2791 quorum
883 2678 927 2756 in
938 2674 1156 2784 majoribus
1173 2673 1409 2762 fluminibus
1425 2680 1519 2766 usui

142 2792 227 2891 est,
246 2821 292 2876 ut
302 2797 424 2878 nodu
434 2792 478 2876 in
494 2793 632 2877 medio
643 2791 759 2874 alveo
772 2788 1229 2888 subsrstant,anchoram
1245 2793 1399 2880 hahent
1414 2825 1518 2910 qua·
1614 2889 1616 2894 ,

141 2937 237 2992 tuor
251 2909 421 2992 aduncis
437 2907 612 2992 brachiis
625 2905 880 3002 instrudlams
894 2903 1120 3009 cuiusmodi
1139 2911 1286 3020 pariter
1299 2907 1389 2992 sunt
1403 2917 1517 2996 trire-

141 3029 274 3110 mium
289 3027 490 3108 anchotae.
508 3111 517 3123 „
541 3028 599 3108 At
614 3029 658 3108 in
670 3025 844 3107 Oceano
857 3030 1023 3106 navium
1038 3023 1225 3106 anchorae
1241 3054 1327 3108 non
1341 3024 1413 3107 nili
1430 3027 1519 3112 duo

140 3140 300 3226 habent
311 3140 477 3224 brachia
488 3140 540 3226 ad
551 3137 747 3253 angulum
761 3165 926 3224 acutum
939 3134 1091 3221 inflexa
1112 3167 1205 3220 cum
1227 3136 1361 3254 scapos
1377 3171 1427 3224 ne
1447 3171 1519 3228 ve-

139 3251 192 3338 rd
212 3249 376 3339 demissa
392 3255 571 3338 anchora
584 3251 739 3371 prorsus
753 3254 878 3356 jaceat
893 3249 938 3333 in
957 3249 1077 3334 maris
1092 3251 1243 3351 fundu,
1262 3253 1377 3368 scapo
1389 3285 1517 3372 prope

141 3369 342 3455 annulum
367 3373 594 3455 adnesiitur
622 3371 805 3484 ligneum
830 3363 1150 3451 transversarium
1175 3375 1187 3463 (
1201 3373 1322 3467 ‘cuius
1341 3379 1520 3480 gravitas

138 3485 202 3570 est
218 3484 303 3570 ser'c
321 3483 607 3600 subquintupla
624 3489 829 3596 gravitatis
851 3483 1110 3598 anchorae,s1
1133 3509 1268 3568 tamen
1289 3484 1412 3568 etiam
1432 3487 1515 3572 fer-

140 3631 232 3686 reos
250 3601 395 3700 clavos,
411 3601 559 3714 qurhus
575 3601 769 3698 firmatur,
782 3603 823 3682 in
836 3601 1180 3712 computationem
1194 3599 1513 3710 admittaslejus-

139 3715 344 3802 demeum
356 3722 484 3830 Scapo
499 3716 766 3830 longitudinis
778 3707 906 3812 ,aded
922 3740 967 3795 ut
975 3717 1137 3827 jacente
1159 3741 1330 3830 utroque
1345 3717 1518 3802 brachio

140 3836 294 3946 Scapus
314 3829 589 3916 transversario
611 3829 834 3916 secundum
853 3825 1150 3934 extremitatem
1168 3833 1329 3916 innixus
1344 3831 1512 3947 oblique

137 3945 374 4032 inclinetur.
406 3951 465 4034 Ex
478 3977 562 4063 quo
574 3957 696 4033 etiarn
715 3947 781 4043 fit,
796 3973 842 4028 ut
856 3973 1045 4028 extrema
1060 3941 1315 4029 brachiorum
1326 3946 1516 4060 palmulae

137 4063 309 4177 oblique
332 4093 590 4150 occurrentes
610 4067 729 4148 maris
746 4061 875 4148 fundo
897 4058 1054 4148 saciliits
1076 4057 1122 4142 in
1143 4055 1362 4168 subjedlum
1381 4057 1514 4148 solum
1572 4069 1580 4082 '

134 4207 367 4296 penetrent.
411 4182 590 4294 Qando
601 4183 725 4291 igitur
739 4175 1021 4263 vehementior
1037 4175 1097 4262 est
1112 4173 1310 4258 fluctuum
1321 4175 1514 4290 impetus,

136 4323 210 4380 aur
222 4303 332 4379 venti
344 4293 534 4412 impulsus
545 4294 715 4380 validior
725 4355 738 4394 ,
754 4290 878 4408 quim
890 4324 936 4378 ut
952 4293 1008 4378 illi
1023 4289 1199 4378 resistere
1217 4291 1330 4406 pollrt
1344 4290 1424 4407 ipsa
1438 4323 1513 4378 an·

135 4413 274 4495 chorae
291 4411 848 4522 gravitas,intentorudente
862 4407 1053 4524 tantisper
1066 4404 1318 4518 abripitcum
1333 4413 1425 4498 navi
1438 4438 1512 4492 an·
1615 4513 1619 4520 Ι

135 4529 329 4626 choram,
348 4558 437 4646 qnae
456 4526 574 4611 maris
589 4526 765 4612 sundum
789 4523 969 4625 sulcans,
987 4524 1057 4608 ubi
1073 4522 1331 4608 brachiorum
1347 4523 1511 4638 palmu-

135 4643 185 4729 le
198 4635 1328 4850 arenisaliquantulumimmetsaemaqualencrjinvencrint
1341 4637 1513 4754 sonitui

1113 4783 1182 4843 oo
1221 4783 1250 4862 3
